3892 6434
294 916 296 921 ³
386 926 394 950 ⁸
468 942 538 1035 De
567 938 837 1031 Sacramenbo
865 937 1152 1033 Eucharistiae.q
1269 967 1354 1075 471Ι

299 1133 378 1199 ruo,
406 1113 547 1209 urpofflc
566 1130 629 1199 pro
659 1132 693 1183 se
707 1116 861 1184 Sacerdos
886 1107 1016 1202 afflare.
1057 1110 1157 1210 Quid
1183 1112 1232 1189 esi
1255 1106 1360 1189 enim

300 1219 440 1297 artare,
467 1214 527 1289 nist
555 1213 701 1292 sedes&
727 1213 918 1311 Corporis,
937 1213 972 1291 dc
991 1213 1175 1311 Sanguinis
1199 1210 1354 1290 Christis

300 1315 389 1397 Haec
402 1320 522 1392 omnia
537 1313 637 1390 sutor
654 1314 764 1389 vester
782 1329 843 1390 aut
860 1312 958 1394 rasit,
980 1333 1041 1390 aut
1064 1315 1189 1409 fregit.
1203 1328 1278 1388 aut
1297 1336 1355 1387 re-

300 1419 450 1496 movit·
478 1418 513 1489 ,ii
534 1415 655 1491 livoris
681 1415 814 1505 judicio
841 1436 907 1489 nos
930 1416 1033 1488 vobis
1053 1411 1183 1489 sordidi
1208 1411 1352 1488 vinbba·
1477 1475 1479 1481 .

301 1540 405 1600 mur,
423 1512 508 1612 quid
521 1513 761 1589 vobisl'ecerat
778 1512 899 1597 Deus,
917 1511 1075 1612 quiilluc
1086 1514 1244 1587 invocari
1264 1533 1353 1585 con·

301 1615 491 1694 sueverat?
514 1612 613 1707 Quid
639 1637 703 1689 vos
728 1612 925 1689 offenderat
950 1608 1108 1689 Christus
1129 1667 1140 1698 ,
1160 1612 1260 1706 cujus
1283 1612 1354 1686 illic

302 1739 367 1814 per
392 1732 485 1789 certa
511 1731 692 1790 momenta
721 1711 892 1808 Corpus,
914 1711 1116 1808 &Sanguis
1148 1709 1353 1789 habitabat?

304 1815 408 1909 Quid
434 1837 497 1890 vos
525 1811 719 1888 offendistis
748 1817 853 1888 etiam
888 1836 953 1889 vos
980 1811 1041 1909 ipsr
1059 1868 1069 1897 ,
1089 1828 1129 1889 ut
1153 1813 1208 1885 illa
1235 1810 1354 1886 altaria

301 1914 531 2010 frangeretis,
547 1917 583 1989 in
605 1915 733 2011 quibus
755 1930 912 1989 antenos
935 1912 1123 2008 perlonga
1147 1927 1353 2007 temporum
1470 1934 1486 1959 ν

302 2014 408 2110 spatia
428 2012 558 2095 lancie,
581 2028 620 2087 ut
640 2015 878 2097 arbitramini,
899 2012 1100 2088 obtulistis?
1123 2011 1222 2087 Dum
1239 2012 1354 2103 impie

303 2114 551 2211 persequimini
575 2129 710 2186 manus·
725 2114 858 2187 nostras
878 2113 971 2197 illic,
989 2114 1048 2188 ubi
1068 2109 1210 2208 Corpus
1224 2107 1354 2186 Christi

303 2213 503 2294 habitabat,
522 2211 692 2288 feristis&
714 2215 848 2288 vestras.
883 2210 967 2289 Hoc
987 2210 1099 2288 modo
1113 2209 1257 2308 Judaeos
1275 2208 1352 2282 estis

304 2315 440 2388 imitati·
476 2311 526 2387 lili
551 2313 747 2404 injecerunt
779 2336 903 2387 manus
934 2310 1077 2387 Chrilio
1099 2316 1134 2386 in
1169 2315 1354 2390 Cenoma

304 2414 408 2489 vobis
430 2407 606 2502 perculsus
628 2412 677 2489 eli
701 2419 735 2486 in
756 2414 864 2487 altari.
894 2414 930 2488 si
946 2409 1152 2488 Catholicos
1174 2412 1243 2486 illic
1269 2404 1356 2481 inse-

308 2512 387 2591 dari
421 2511 576 2590 voluistis
591 2554 600 2585 r
617 2512 674 2586 vel
698 2512 816 2586 vestris
841 2510 911 2602 illic
937 2514 1090 2610 antiquis
1116 2510 1356 2588 oblationibus
1441 2589 1444 2595 ,

307 2615 496 2709 parceretis
531 2666 552 2700 „
568 2666 601 2701 ‚,.
1060 2666 1066 2680 .
1402 2695 1405 2702 ι

358 2709 403 2788 Et
424 2710 481 2788 lib.
497 2729 530 2781 2.
550 2765 572 2799 ‚,
584 2766 606 2799 „
634 2705 804 2787 Conserta
818 2726 891 2786 erat
909 2709 1056 2789 Ecclesia
1070 2707 1235 2807 populis;
1254 2705 1358 2804 plena

306 2825 380 2886 erat
404 2808 579 2884 Catbedra
612 2807 821 2906 Episcopalis
839 2833 850 2889 ε
867 2828 939 2887 erat
961 2810 1067 2885 altare
1095 2809 1180 2885 loco
1203 2808 1264 2882 liro
1285 2861 1295 2889 ,
1320 2808 1356 2878 in

308 2932 385 3007 quo
406 2908 540 3003 pacilici
554 2905 715 3004 Episcopi
734 2926 830 2985 retro
847 2913 1018 3007 temporis
1037 2909 1266 2992 obtulerunt,
1283 2904 1356 3003 Cy·

308 3012 451 3106 prianus
470 3056 475 3073 -.
495 3006 695 3093 Lucianus,
721 3009 757 3082 dr
780 3015 941 3100 caeteri„
962 3058 997 3100 ,‚.

359 3104 421 3185 ΙΙΙ.
458 3105 548 3184 Tam
585 3105 743 3186 Ecclesrae
764 3154 773 3180 ³
796 3132 902 3205 quam
926 3110 1041 3184 aitaris
1065 3105 1293 3184 Consecratio
1315 3099 1358 3177 ad
1390 3087 1566 3227 ruffieffi·

309 3206 527 3287 Sacrificium
561 3205 810 3283 celebrandum
849 3233 895 3286 ex
929 3207 1121 3306 apostolica
1152 3205 1359 3282 Traditione
1379 3242 1466 3314 ono,
1488 3190 1568 3302 cim:

309 3317 478 3385 manavit.
508 3306 748 3385 Dedicationis
766 3305 924 3385 Ecclesia
938 3311 1101 3383 meminit
1117 3311 1151 3378 S.
1164 3302 1358 3381 Athanasii
1380 3319 1498 3380 sacram
1513 3320 1589 3378 nr:

308 3410 487 3504 Apologia
509 3407 551 3481 ad
574 3408 794 3486 constantiam
813 3404 1081 3504 imperatorem·
1100 3462 1121 3497 ‚,
1133 3463 1155 3497 „
1183 3405 1272 3482 Non
1292 3402 1364 3480 Em·
1380 3395 1507 3534 initiuffi.
1526 3413 1564 3456 ex

311 3510 505 3584 caeniorum
535 3504 715 3600 (inquit)
739 3506 878 3585 Festum
910 3510 1192 3592 celebravimus,
1219 3506 1358 3601 religio
1382 3488 1555 3611 Τξζάἰῗῑζξζζ

311 3605 433 3682 srllime
459 3606 632 3699 rluguste3
652 3607 686 3681 id
709 3611 802 3681 enim
820 3609 992 3683 celebrare
1010 3625 1091 3683 ante
1109 3623 1210 3683 tuum
1233 3605 1361 3682 Decre-
1383 3625 1522 3689 manavir

314 3721 392 3784 tum
418 3708 555 3798 prorius
584 3705 751 3780 nefarium
778 3706 910 3794 suisset,
934 3732 1051 3803 neque
1069 3707 1115 3780 de
1134 3706 1298 3782 industria
1318 3727 1364 3781 eo

314 3803 546 3886 devenimus,
567 3828 683 3903 neque.
699 3804 888 3902 Episcopus
906 3811 1098 3904 quispiam,
1113 3824 1174 3882 aut
1189 3806 1279 3881 ullus
1295 3804 1367 3881 cle-

312 3905 407 3978 ricus
430 3928 473 3978 eo
500 3909 649 3978 nomine
671 3928 838 3980 evocatus
854 3906 902 3982 est
942 3907 1071 4002 Neque
1090 3906 1155 3979 ullu
1176 3906 1369 3981 denuncia-

313 4004 414 4077 tione
442 4004 486 4077 ad
512 4010 681 4111 bynartim
711 4010 847 4081 coitum
871 4007 945 4097 est;
965 4005 1021 4080 sed
1045 4005 1129 4101 quid
1155 4005 1268 4081 atium
1285 4003 1365 4102 cst,

317 4118 600 4179 noruntomnes.
629 4101 767 4177 Folium
786 4124 856 4179 erat
880 4103 1032 4188 Paschae,
1056 4106 1091 4177 br
1110 4123 1202 4178 tanta
1232 4107 1279 4178 vis
1303 4125 1370 4196 po-

313 4202 483 4296 pulorum
500 4201 639 4285 aderat,
653 4223 824 4298 quantum
852 4204 1122 4279 christianorum
1143 4207 1178 4278 in
1199 4207 1285 4278 urbe
1303 4199 1370 4276 esse

316 4301 524 4378 christicolae
555 4299 729 4396 Principes
753 4306 920 4395 optarint.
949 4302 1045 4380 Cum
1073 4305 1181 4398 igitur
1210 4299 1371 4378 lsscclesrae

314 4421 458 4495 paucae,
478 4424 663 4500 paruaeque
686 4399 817 4487 ellent,
838 4427 1043 4500 magnoque
1068 4402 1224 4477 tumultu
1249 4400 1372 4495 poses-
1458 4476 1460 4482 ,

315 4519 434 4584 retur,
457 4520 497 4581 ut
523 4505 557 4574 in
582 4524 707 4597 magna
739 4502 884 4579 meletii
913 4517 1114 4578 conventus
1152 4502 1372 4576 celebraren-

319 4610 398 4681 tur,
412 4618 520 4694 atque
534 4601 666 4675 ibidem
679 4597 801 4696 preces
817 4625 882 4697 pro
897 4617 956 4676 tua
977 4601 1082 4676 salute
1101 4598 1248 4686 sir-rent,
1270 4598 1370 4697 quod

315 4700 352 4781 dr
378 4698 505 4773 setium
531 4701 602 4785 eli,
622 4723 767 4795 egoque
792 4708 962 4776 reniterer
978 4702 1310 4777 adhortationibus,
1331 4717 1371 4775 ut

318 4823 393 4875 rem
410 4800 641 4895 aliquoui'que
667 4798 871 4885 differrent,
887 4801 923 4876 ἃ
949 4804 1068 4896 potius
1087 4801 1372 4897 quomodocun-

316 4923 387 5001 que
413 4897 555 4983 liceret,
576 4905 681 4987 stiam
704 4921 786 4983 cum
813 4897 1099 4995 compressione,
1121 4901 1157 4980 δι
1181 4899 1374 5012 albiniono
1488 4892 1495 4905 “

587 4996 910 5139 ¹.‘Ga⁷e
1302 5020 1341 5079 a·
1394 5106 1431 5137 .‚.
