3892 6434
495 902 572 1001 De.
594 902 863 995 sacramento
892 901 1170 999 Eucharistiaei
1294 844 1383 1014 127,

318 1072 439 1179 poffit
466 1072 511 1154 In
533 1070 742 1153 Eucharistiae
759 1080 944 1174 participes
965 1100 1033 1152 nos
1063 1073 1130 1153 esse
1149 1074 1260 1153 docet
1279 1074 1373 1155 Cor-

321 1200 423 1279 pom
442 1174 596 1260 Christi,
613 1178 714 1275 quod
732 1178 781 1254 est
798 1178 932 1247 Veritas
947 1176 1100 1269 promtfla
1119 1199 1180 1273 per
1198 1176 1372 1257 sacrificia

323 1284 455 1354 veteris
473 1274 718 1362 Testamenti,
741 1279 777 1353 ἃ
809 1278 845 1351 in
870 1300 971 1353 novo
997 1275 1172 1358 exhibitas
1190 1278 1290 1376 quod
1314 1276 1371 1353 Fi·

322 1375 377 1453 liu
394 1376 456 1455 suo
469 1374 569 1457 Deus
581 1380 714 1474 aptavit
726 1426 738 1459 ‚
749 1379 793 1452 de
806 1400 881 1473 quo
893 1401 952 1473 per
968 1375 1184 1472 Prophetam
1205 1381 1252 1455 ait
1267 1376 1371 1454 Chri·

323 1478 418 1555 stus:
439 1472 667 1563 Sacrificium,
680 1479 723 1549 (φ
744 1475 936 1547 oblationem
951 1478 1080 1555 noluisti
1095 1525 1107 1560 ,
1120 1484 1240 1562 Corpus
1260 1496 1371 1548 autent

321 1572 486 1673 pcrfhcnii
507 1575 602 1647 nihi.
629 1581 713 1659 rlit,
733 1578 769 1651 in
792 1577 900 1654 Altari
921 1574 1105 1672 dispensati
1129 1630 1151 1669 „
1179 1573 1370 1655 Vidimam

322 1730 346 1770 ,‚
358 1674 509 1755 saodam
523 1700 617 1776 ‚qua
633 1678 789 1752 deletum
802 1676 850 1752 eli
869 1676 1172 1772 chirographum,
1185 1678 1369 1773 quoderat

318 1832 346 1871 „
364 1780 586 1855 sonnatium
604 1778 726 1861 nobis,
739 1799 809 1874 qua
826 1775 1065 1873 triumphatus
1079 1777 1129 1850 est
1147 1774 1255 1851 boliir
1267 1798 1369 1852 corn·

320 1870 1368 2077 rratnilnallnnirllltllrnllt:
1384 1876 1565 2030 {stalle

444 2025 456 2060 2
949 2030 960 2063 ί
1386 2034 1393 2049 ·

280 2066 283 2073 ’
320 2076 432 2169 ipsum
453 2081 490 2147 in
511 2073 602 2149 nobes
613 2076 769 2171 liastipcre
794 2080 940 2170 sttrum3
957 2076 995 2151 de
1014 2056 1101 2153 cum
1127 2078 1202 2169 ejus
1225 2097 1369 2151 carnem
1385 2032 1512 2108 ΝΜ

320 2176 570 2277 degustamus,
588 2192 676 2255 tunc
697 2180 805 2253 vitant
822 2175 950 2253 habere
968 2178 1005 2250 in
1026 2179 1153 2261 nobis,
1168 2178 1272 2272 eique
1293 2178 1372 2252 uni-

319 2282 379 2359 ri:
401 2278 688 2372 Qrmaumotlum
710 2274 778 2370 ipsa
805 2274 906 2346 verbo
940 2271 1153 2357 inhabitanti·
1187 2274 1291 2351 Hanc
1319 2276 1369 2351 ob

321 2377 462 2457 causam
475 2381 581 2454 etiam
596 2380 632 2453 in
651 2376 850 2454 suscitandis
867 2380 1039 2459 mortuis,
1058 2401 1133 2453 non
1155 2379 1268 2451 verbis
1292 2393 1370 2451 tan·

322 2494 428 2563 tum,
447 2480 484 2553 ἃ
497 2496 586 2555 nutu
609 2476 692 2554 Deo
704 2481 932 2554 convenienti
946 2477 1166 2558 Salvatorenr
1177 2492 1370 2572 operatum

323 2576 394 2657 esse
409 2536 496 2663 ‚led
520 2600 661 2655 cantem
684 2576 799 2663 luam,
817 2577 912 2676 quast
933 2580 1213 2673 cooperatricem
1234 2577 1278 2650 ad
1294 2575 1368 2653 hoc

260 2762 265 2770 ,
322 2675 540 2762 adhibuisse,
566 2732 624 2769 „„
654 2674 703 2753 Ut
725 2677 925 2753 ostenderet
938 2677 1031 2752 illam
1049 2675 1226 2753 vivificare
1246 2672 1366 2772 posse,

323 2802 367 2858 ec
380 2780 478 2855 velut
490 2801 604 2856 unum
621 2778 710 2877 qrrid
723 2800 806 2854 cum
818 2777 894 2871 ipso
906 2778 977 2871 jarn
989 2776 1113 2853 tanam
1125 2771 1223 2854 esse..
1255 2773 1381 2866 Quod.

324 2878 353 2959 si
375 2878 453 2954 fult)
475 2878 567 2955 taclu
584 2878 705 2955 l'antlae
724 2875 847 2954 Carnis
860 2876 915 2961 id,
940 2876 1040 2973 quod
1062 2894 1274 2967 corruptum
1299 2876 1372 2950 ells

325 2979 527 3057 vivificatur
541 3032 552 3065 ,
566 2979 759 3077 quomodo
782 2975 955 3053 vivificam
976 2974 1068 3050 rllarn
1087 2972 1273 3069 Eulogium
1294 2992 1372 3045 nou

326 3082 530 3159 uberiorem
562 3079 849 3175 consequemur,
872 3098 954 3153 cum
980 3098 1056 3149 eam
1082 3069 1373 3169 degustabimusl

326 3177 371 3259 ln
392 3180 492 3256 litum
516 3180 611 3253 enim
632 3176 736 3273 ipsius
761 3179 920 3252 bonum·
946 3175 1018 3251 hoc
1035 3174 1107 3260 est,
1128 3176 1376 3251 immortalite·

326 3294 403 3357 tem
419 3302 530 3360 ,nos,
543 3280 604 3376 qui
616 3278 800 3374 participes
824 3276 1011 3360 fuerimus,
1030 3279 1183 3352 omniuo
1205 3270 1374 3349 transfor·

326 3380 438 3455 mabit
463 3434 486 3470 ,‚
504 3433 539 3468 „.
568 3376 727 3451 Pluribus
756 3374 898 3453 Patrurn
928 3376 1134 3451 testimoniis
1159 3371 1375 3457 referendis,

325 3480 385 3557 vel
413 3475 606 3554 indicandis
629 3473 861 3573 supersedeo,
884 3493 923 3551 ut
946 3475 1128 3552 consulam
1153 3477 1323 3550 brevitati·

378 3574 425 3654 V.
461 3577 579 3653 Altera
603 3579 687 3658 via,
714 3598 782 3669 quo
808 3571 968 3652 Ecclesiae
997 3574 1200 3651 sententiam
1225 3575 1270 3650 de
1290 3571 1372 3649 reali
1416 3563 1574 3655 Contrarin

327 3675 508 3778 praesentio
520 3672 694 3772 Corporis
706 3672 832 3750 Christi
855 3676 891 3750 in
905 3672 1123 3752 Eucharistiae
1144 3675 1372 3750 Sacrameoto
1397 3642 1555 3779 maffia

329 3777 553 3872 exploratam
573 3773 763 3855 habemus,
782 3774 830 3851 est
848 3779 1032 3851 contrariae
1046 3776 1213 3850 dotirinae
1230 3776 1373 3850 damna·
1400 3796 1431 3855 tn
1464 3790 1572 3857 Cond-

327 3879 431 3954 tioiu
450 3873 633 3955 Conciliis.
658 3872 751 3951 Cum
773 3879 868 3949 eninr
887 3892 968 3951 ante
984 3877 1291 3951 sexcentosaunos
1314 3880 1375 3943 lta.
1400 3868 1461 3937 lits.
1564 3910 1579 3937 0

327 3980 502 4153 runs
523 3971 1376 4172 literas,llllnntlaenrl

328 4177 367 4253 in
386 4172 595 4251 Eucharistia
606 4168 672 4248 esse
683 4169 861 4257 assereret,
876 4171 1090 4251 inRomano
1103 4175 1259 4268 primum
1277 4162 1380 4265 Gon·

328 4273 415 4351 cilio
427 4274 489 4351 sub
512 4280 618 4343 Leone
629 4275 694 4343 lid
715 4271 793 4348 haec
812 4272 946 4349 baeresrs
959 4274 1124 4351 damnata
1147 4272 1217 4350 est.
1236 4272 1379 4371 ipseque

332 4372 606 4451 Communione
632 4374 788 4471 privatus
818 4396 915 4448 anno
945 4370 1242 4472 quinquagesimo
1279 4373 1380 4470 supra

328 4471 567 4554 millesimum.
595 4471 792 4555 Secundo,
817 4474 854 4547 iu
880 4471 1049 4552 Concilio
1074 4469 1286 4547 Vercellenli
1317 4494 1381 4548 eo·
1535 4548 1540 4567 ,

330 4572 414 4649 dem
441 4597 559 4658 anno,
582 4575 619 4647 in
645 4594 721 4671 quo
746 4572 782 4648 ἃ
806 4574 954 4661 joannis
979 4575 1069 4644 ,scoti
1092 4574 1239 4665 Erigenae
1261 4573 1381 4671 liber,

331 4694 409 4770 quo
426 4690 582 4769 patrono
595 4674 811 4765 Berengarius
829 4672 1070 4769 gloriabatur,
1088 4670 1218 4759 lectus,
1237 4674 1272 4748 ἃ
1293 4696 1380 4770 pro·

329 4770 479 4871 scriptus
498 4772 560 4847 est·
586 4768 739 4857 Tertio,
755 4774 793 4847 in
817 4772 983 4851 Concilio
1014 4770 1188 4849 Parisreufi
1213 4774 1258 4848 ab
1283 4779 1379 4845 Hea-

331 4874 403 4949 rico
420 4875 456 4959 1.
477 4866 579 4973 Rege
597 4866 874 4957 cummium
891 4888 1141 4975 montegaio,
1164 4870 1293 4953 todem
1317 4896 1380 4953 au·
