3892 6434
357 1010 361 1025 .
486 930 558 1031 De
586 934 855 1029 Sacmmento
883 930 1158 1031 Eucharistiae.
1235 982 1238 999 ·
1291 950 1367 1041 181
1440 968 1442 973 ·

313 1107 413 1289 rsrcimr
426 1159 438 1193 ‚
453 1108 643 1207 presertim
662 1104 858 1188 sandiffimi
871 1108 1089 1188 Sacramenti
1109 1100 1291 1184 Sodalitati
1305 1106 1370 1187 ad·

356 1210 437 1286 [Iti
500 1262 537 1300 »ο

369 1232 428 1401 „p‚,·
452 1260 628 1385 d'roceffio
640 1307 677 1385 in
687 1305 908 1405 exponendo
920 1305 1126 1385 sandiffimo
1137 1305 1370 1386 Sacramento

312 1430 378 1503 per
405 1405 593 1485 Ecclefiam
614 1422 738 1504 agatur
759 1407 927 1493 Litaniis,
946 1408 1107 1508 statiique
1126 1409 1369 1506 Antiphonis,

311 1510 499 1609 precibut,
517 1509 801 1585 uacationibus,
816 1521 896 1585 tum
914 1506 1210 1599 cereisaccenlie3
1226 1508 1369 1588 itidem·
1399 1538 1401 1543 ·

311 1632 385 1707 que
407 1611 444 1685 in
464 1596 510 1682 'eo
526 1607 739 1706 reponendo
761 1607 917 1685 servetur
945 1663 968 1699 „
983 1663 1019 1700 „.

364 1763 423 1799 „‚,
451 1705 554 1788 Dum
572 1705 659 1784 iilud
682 1709 720 1785 in
747 1707 855 1790 Alteri
875 1704 1101 1803 propofitum
1124 1706 1196 1793 est,
1213 1704 1366 1789 interdiu

309 1805 559 1892 elericiduo,
589 1807 841 1900 superpelliceo
864 1807 980 1916 induri
998 1857 1008 1892 ‚
1026 1809 1142 1906 capite
1171 1820 1296 1899 aperto
1321 1806 1369 1889 ad

310 1907 431 1985 Altare
461 1906 597 2005 semper
620 1905 795 2002 affistant3
819 1930 978 2008 quorum
1005 1907 1093 1984 aiter
1109 1907 1282 1984 diaconus
1306 1907 1370 1985 ial·

309 2018 386 2085 tem
409 2004 475 2096 iir3
497 2007 607 2089 nodu
623 2030 713 2085 vero
730 2006 851 2085 saitem
871 2031 963 2086 unus
978 2063 989 2098 ,
1005 2007 1101 2112 isque
1118 2009 1156 2082 in
1178 2006 1275 2084 [acro
1293 2003 1368 2085 Or.

314 2106 400 2183 dine
421 2106 636 2185 constitutus
662 2163 684 2198 „
702 2162 738 2199 „.
925 2130 930 2141 ·

363 2260 386 2297 ,‚
402 2261 424 2297 „
453 2205 508 2288 Ad
530 2207 753 2282 excitandam
776 2229 863 2286 vero
883 2204 1009 2305 popuii
1030 2207 1066 2282 in
1082 2206 1165 2285 stata
1186 2202 1254 2283 hac
1273 2202 1368 2285 Ora.

308 2304 412 2390 tione
432 2306 596 2382 versantis
615 2309 782 2404 pietatem
796 2362 805 2392 ,
818 2324 981 2394 curetur,
997 2307 1240 2403 utaliquando
1258 2349 1267 2379 2
1287 2330 1365 2406 quo

308 2404 501 2583 presertim
528 2422 712 2503 tempore,
734 2431 849 2507 quave
870 2408 982 2495 hora,
1007 2406 1172 2506 frequens
1194 2403 1244 2481 est
1265 2405 1365 2484 Fide·

324 2504 398 2581 ium
426 2507 470 2581 ad
496 2529 572 2582 eam
592 2506 783 2587 concursus
797 2562 807 2594 ‚
822 2505 957 2595 sermo,
975 2505 1071 2606 isque
1092 2508 1205 2582 brevis
1229 2506 1274 2581 ad
1298 2511 1364 2604 piae

308 2604 550 2686 meditationis
568 2606 723 2691 studium
742 2605 1038 2691 inflammandum
1058 2604 1217 2705 apposite
1234 2605 1363 2686 habea.

309 2717 372 2782 tuf
396 2750 467 2797 atra·

360 2859 384 2895 ‚,
401 2859 422 2895 „
449 2801 514 2881 Per
537 2802 664 2886 horam
687 2822 878 2906 antequam
895 2811 931 2883 in
958 2827 1029 2882 una
1054 2800 1204 2893 Ecciessa
1230 2800 1361 2882 Oratio

309 2901 389 2987 hec
405 2907 634 3018 terminetur,
653 2908 690 2981 in
709 2907 814 2985 altera
831 2911 890 2987 ubi
907 2910 1074 3006 proxime
1093 2905 1210 2989 futura
1231 2903 1361 2989 est,de
1513 2970 1518 2995 ,,

308 3026 415 3084 more
434 3021 499 3084 nte
526 3004 716 3084 inchoetur
740 3063 762 3100 ‚,
776 3063 812 3098 ‚,.
1424 3085 1427 3091 ,

363 3103 471 3181 Addit
499 3102 682 3176 menenius
711 3109 748 3182 in
778 3105 1083 3191 lnstrudionibus.
1109 3158 1131 3196 „
1157 3099 1216 3178 Ne
1236 3101 1361 3201 quavir

307 3255 334 3296 „
350 3203 450 3280 c'auie
475 3222 592 3280 tamen
616 3203 826 3289 Eucharistia
842 3205 980 3304 palam.
1000 3207 1036 3275 &
1058 3200 1179 3303 aperte
1199 3224 1362 3298 expona-

308 3356 334 3397 ‚,
354 3318 435 3391 tur,
455 3301 512 3379 sed
537 3304 676 3402 publica
698 3321 863 3391 tantum,
882 3330 994 3406 eaque
1045 3306 1116 3384 ravi
1139 3350 1176 3395 „·

359 3402 401 3483 ln
429 3402 554 3491 dltari,
580 3409 714 3505 inquo
736 3404 980 3491 santiiffrmum
1001 3328 1224 3491 Egucharistiae
1240 3399 1360 3479 Sacra·
1416 3389 1562 3531 {stlfliu'i‘

311 3519 475 3583 mentum
497 3505 638 3602 publice
650 3512 845 3601 exponitur
860 3506 1069 3584 structorum
1084 3501 1284 3603 Reliquias,
1306 3501 1360 3578 vel
1378 3488 1431 3615 {a
1441 3486 1564 3609 Sffij

307 3596 486 3716 Imagines
499 3626 681 3703 exponere
694 3631 769 3683 non
782 3606 897 3688 decet.
928 3606 969 3695 id
989 3610 1085 3683 enim
1106 3604 1194 3684 Can.
1211 3626 1242 3694 3·
1261 3600 1358 3681 Con·
1379 3643 1444 3693 rum
1502 3642 1561 3683 rm„

310 3700 434 3781 ciirie.
468 3700 685 3782 Turonenfis
712 3706 934 3802 prohibitum
966 3707 1133 3786 ridetur,
1165 3704 1219 3782 hie
1247 3703 1359 3779 verbio
1378 3699 1561 3786 exponente

308 3817 517 3918 concepto:
543 3860 566 3897 „
590 3803 643 3882 Ut
672 3803 814 3901 Corpus
835 3806 989 3885 Domini
1012 3811 1048 3883 in
1077 3804 1210 3889 Alteri,
1233 3827 1309 3887 non
1323 3806 1357 3878 in
1377 3779 1409 3916 {2
1442 3773 1561 3912 Q:

308 3955 333 3995 „
345 3906 554 3999 imaginario
573 3904 720 3992 ordine,
734 3905 791 3983 sed
808 3908 871 3984 iub
888 3911 1004 3992 crucis
1026 3907 1136 3986 titulo
1157 3926 1359 4000 compona-
1377 3870 1529 3996 diffiniam

307 4055 333 4094 „
352 4021 409 4082 tur
426 4057 461 4093 ‚,.
489 4000 612 4087 Refert
629 4010 661 4078 S.
678 4009 746 4077 Odo
765 4004 1004 4085 cluniacensis
1018 4007 1134 4089 Abbas
1154 4006 1213 4081 lib·
1232 4022 1269 4087 a.
1285 4003 1358 4073 cor.
1380 4004 1559 4069 Eucherium

308 4101 493 4187 larianum,
517 4127 595 4201 cap.
612 4116 669 4190 28.
698 4128 782 4193 cunr
804 4106 892 4184 olim
915 4102 1277 4199 sandia‘Guatburgim
1302 4102 1358 4179 seu
1377 4084 1543 4145 Sacramen-

309 4197 496 4295 Warbmgu
526 4204 692 4283 miracula
716 4211 751 4282 in
772 4205 925 4302 quadam
949 4203 1100 4283 Ecclesia
1123 4203 1208 4291 Deo
1225 4207 1261 4279 in
1286 4205 1359 4297 ejus
1377 4175 1561 4307 ffiffmcedtpo'

307 4306 520 4383 memoriam
542 4304 657 4382 dicata
679 4321 855 4403 patraret,
872 4304 1084 4400 contigiffe,
1110 4321 1151 4381 ut
1166 4307 1241 4401 ejus
1266 4300 1362 4381 Reli·
1499 4380 1508 4409 x

308 4404 402 4506 quiae
425 4401 528 4499 supet
550 4404 668 4484 Altare
712 4430 749 4481 cr
767 4405 906 4501 aliquot
927 4406 1001 4481 dier
1024 4452 1035 4482 2
1055 4405 1239 4480 manerent
1269 4428 1280 4493 ;
1306 4399 1364 4481 sed

307 4524 399 4578 mox
423 4504 590 4582 miracula
620 4528 661 4581 ce
689 4502 802 4581 uviffe·
844 4504 1009 4593 Tandem
1039 4529 1125 4589 vero
1152 4504 1222 4603 ipsa
1246 4499 1364 4600 Virgo

306 4602 448 4679 cuidam
461 4627 507 4680 ex
518 4603 667 4681 infirmis
682 4630 853 4703 apparens
867 4626 920 4697 a„
952 4603 1094 4681 idcirco
1106 4609 1122 4694 i
1135 4597 1272 4699 inquit)
1289 4625 1366 4683 noo

306 4700 331 4795 ,'‚
350 4700 515 4786 sanamini
530 4707 632 4803 ‚quia
650 4702 822 4880 Reiiguiae
842 4730 930 4783 meae
949 4698 1030 4782 sunt
1043 4702 1143 4799 iuper
1162 4702 1367 4782 AltareDo·

305 4858 328 4894 ‚,
346 4804 451 4883 mini,
473 4805 534 4881 ubi
549 4805 708 4898 majestas
758 4808 843 4887 irini
858 4806 1022 4906 Myiierii
1043 4803 1150 4881 debet
1172 4803 1369 4882 solummo-

305 4901 574 5042 „docelebrari
598 4958 632 5001 ,r
660 4903 832 5109 Proffirgt
855 4906 1005 5019 quidem
1022 4908 1094 4987 ‘Leo
1121 4901 1371 5095 [mimia
