3892 6434
481 930 551 1022 Do
578 929 847 1021 sacramento
875 919 1151 1025 Eucharistiae.
1270 931 1352 1041 '4rt
1408 917 1410 921 ⁵

301 1110 399 1185 arima
418 1127 503 1182 oum
520 1102 706 1205 prudentia
726 1159 736 1190 ,
756 1105 923 1179 cautione
945 1157 956 1189 ,
984 1104 1021 1180 δι
1050 1105 1181 1193 umore
1199 1099 1368 1195 laedendi

302 1207 553 1296 conscientiam
573 1202 688 1293 suam,
711 1227 834 1301 gerere
851 1204 885 1279 se
909 1202 1055 1288 debent.

499 1360 511 1378 ⁶
589 1360 622 1445 R
648 1359 677 1441 E
702 1359 739 1455 G
763 1360 799 1440 U
824 1357 856 1438 L
882 1357 913 1438 Α
964 1357 1002 1439 V
1027 1359 1055 1447 l.

302 1580 327 1717 Ξ
350 1518 591 1680 Episcopi,
618 1521 653 1595 da
676 1505 866 1610 Genedales
891 1514 1073 1598 Ordinum
1095 1541 1205 1596 onera
1232 1517 1360 1609 mim,

443 1645 521 1698 rum
541 1621 830 1696 celebrandarum
848 1619 927 1713 post
947 1616 1152 1697 Concilium
1160 1618 1261 1701 Trid.
1287 1625 1356 1699 im·

302 1778 327 1816 „
347 1719 483 1817 posita,
501 1737 561 1797 aut
580 1723 615 1795 in
636 1717 814 1806 Ecclesiae,
832 1717 1006 1812 Capellae,
1023 1717 1253 1797 velBenesicii
1272 1722 1362 1805 sun.¹

303 1877 327 1913 ,‚
347 1822 516 1907 datione,
538 1820 713 1894 moderari
726 1842 800 1895 non
822 1816 986 1916 possunt,
1005 1817 1063 1895 sed
1081 1842 1151 1918 pro
1172 1819 1355 1903 hitirtdu·

303 1976 327 2020 „
345 1922 485 1996 cendio,
505 1919 752 2010 moderandis,
773 1919 828 1997 vel
846 1919 1137 2004 commutandis,
1153 1918 1198 1994 ad
1223 1918 1354 1999 Sedent

303 2020 577 2112 „apostolicam
600 2020 852 2097 recurrendum
873 2019 922 2095 est
941 2043 951 2114 3
973 2019 1107 2120 alioqui
1130 2018 1355 2105 redusiiooet

302 2175 326 2213 ‚‚
343 2122 407 2194 illac
430 2120 552 2201 nullm,
574 2120 610 2193 tr
634 2122 753 2194 inanes
777 2134 890 2195 erunt.
1063 2128 1066 2133 '

356 2217 407 2295 lta
426 2219 537 2295 sanxit
546 2216 792 2316 Congregatio
813 2216 1053 2297 Cardinalium
1080 2216 1235 2296 Concilii
1248 2212 1354 2304 Trid.

302 2314 542 2413 Interpretum
554 2375 564 2404 ,
577 2319 782 2395 autioritate
797 2315 926 2390 Urbani
938 2317 1040 2402 VIII,
1055 2341 1152 2397 anno
1167 2327 1271 2408 1625,
1299 2313 1357 2404 lta

302 2424 408 2494 etiam
428 2417 543 2494 Cone.
559 2414 864 2496 Mediolanensem
888 2416 923 2494 P·
936 2435 969 2511 3·
999 2419 1087 2515 Cap·
1109 2418 1155 2497 de
1177 2417 1231 2494 his
1248 2436 1355 2511 ‚quae
1381 2488 1383 2493 ,

302 2517 348 2601 ad
364 2516 503 2595 Missam
518 2522 705 2614 pertinent.
729 2575 781 2611 „„
809 2517 1005 2617 Episcopus
1023 2514 1190 2614 (inquit)
1217 2516 1262 2593 de
1286 2514 1357 2595 Car·

303 2618 477 2716 pellaeum
511 2621 701 2701 oneribus,
717 2618 833 2720 deque
865 2613 1049 2705 sllislarum
1073 2626 1253 2701 numero,
1273 2615 1357 2693 sun.

303 2717 457 2792 dationis
476 2719 571 2812 jure,
591 2718 706 2794 alioue
726 2723 873 2802 nomine
898 2718 962 2794 illis
983 2719 1174 2813 adjuncto»
1194 2740 1238 2795 ne
1255 2715 1356 2792 Cone
1505 2746 1509 2754 ·

304 2815 374 2891 ciiii
391 2815 489 2893 Trid.
518 2814 646 2915 (qood
668 2821 804 2915 piarum
832 2819 1059 2919 voluntatum
1081 2817 1207 2894 relidit
1230 2814 1356 2910 tegatis

304 2915 419 2990 solum
445 2916 625 3015 prospexit
643 2922 656 3006 )
681 2917 887 2994 ausloritate
902 2918 1099 3014 quidquam
1130 2917 1255 2992 statuat
1270 2939 1281 3005 3
1297 2911 1357 3000 sed

304 3038 351 3089 eo
373 3015 418 3089 de
432 3040 581 3112 genere,
599 3016 700 3117 quod
724 3019 800 3110 jure
824 3034 969 3110 cautum
994 3016 1068 3106 est,
1087 3015 1125 3100 id
1147 3016 1249 3114 plane
1287 3011 1357 3093 sere

304 3132 384 3204 vet,
403 3132 511 3232 atque
537 3116 702 3211 decernat
730 3172 801 3209 „„,
1318 3148 1320 3154 ¹

569 3268 904 3373 REGULA
954 3270 1090 3355 VII.

305 3486 328 3531 „
354 3432 466 3589 Ne
492 3432 527 3506 in
554 3427 738 3518 Ecclesiio,
764 3433 952 3532 inquibus
980 3454 1089 3509 onera
1113 3427 1296 3508 Missurum
1318 3431 1355 3515 in
1395 3424 1399 3431 ‘

306 3587 330 3623 „
445 3531 858 3629 ·perpetuumimpos1ta
882 3534 979 3618 suot,
1002 3531 1211 3609 Sacerdotes
1233 3535 1269 3606 in
1284 3533 1354 3616 eie,

305 3644 387 3721 „ut
414 3654 476 3726 par
501 3631 573 3717 est,
595 3632 827 3728 adimplendis
847 3657 892 3709 eo
912 3632 1126 3731 tepidiores,
1151 3633 1187 3706 dr
1218 3630 1358 3726 segnim

305 3783 329 3819 „
350 3753 402 3803 res
429 3727 640 3809 redduntur,
659 3731 759 3827 quod
778 3756 887 3808 onera
905 3731 1105 3827 hujusmodi
1129 3752 1213 3806 cum
1238 3730 1354 3816 nulla,

305 3845 409 3918 „aut
434 3853 539 3914 parva
559 3829 626 3905 srnt
649 3831 799 3907 utilitate
823 3832 1168 3923 conjunslmeadem
1193 3828 1357 3926 Congre-

305 3981 329 4022 „
348 3930 446 4022 gatio
468 3928 647 4013 decrevit,
669 3944 708 4005 ut
732 3933 912 4026 pecunia,
930 3953 971 4005 ac
997 3932 1090 4005 bona
1119 3928 1263 4005 mobilia
1290 3927 1354 4004 Em

305 4081 328 4121 „
349 4025 472 4114 clesrir,
494 4028 689 4124 Capitulis,
704 4027 896 4125 Collegiis,
912 4027 1173 4125 Hospitalibus,
1196 4030 1358 4104 Societav

273 4141 277 4149 ’
305 4179 328 4226 „
351 4127 465 4214 tibus,
484 4127 861 4226 congregationibus,
887 4127 1131 4210 Monasteriis,
1159 4126 1357 4204 Conventi-

304 4227 492 4314 „bus,ac
515 4224 1356 4320 locisomniburtamsaecutaribus,qoam·Re.
1389 4261 1405 4284 a
1485 4305 1488 4312 ,
1539 4266 1543 4274 ·

302 4378 326 4416 ,,
344 4327 521 4418 gularibus
538 4383 549 4413 ,
569 4342 675 4425 atque
698 4327 841 4405 illorum
861 4327 1018 4426 personis
1042 4332 1076 4402 in
1092 4327 1251 4402 sutorum
1275 4321 1357 4400 srm-

303 4428 328 4515 „
351 4428 485 4516 pliciter
506 4426 718 4524 acquirenda
739 4450 822 4503 curn
842 4451 952 4507 onere
969 4440 1144 4526 perpetuo
1169 4421 1354 4501 Missurum
1435 4426 1438 4433 ’

302 4576 327 4615 „
347 4524 651 4612 celebrandarum,
671 4529 715 4602 ab
736 4529 794 4610 iis,
818 4527 860 4602 ad
881 4549 974 4625 quos
995 4530 1166 4623 pertinet,
1191 4525 1252 4600 sub
1274 4547 1356 4620 pm-

303 4676 327 4712 „
348 4647 390 4698 na
416 4623 593 4707 lntcrdisli
608 4628 653 4702 ab
675 4623 826 4723 ingressu
851 4622 1010 4703 Ecclestae
1029 4625 1104 4722 ipso
1124 4625 1217 4701 sudo
1235 4627 1355 4700 incure

302 4775 326 4812 „
342 4724 473 4810 reoda,
501 4749 519 4801 a
544 4729 600 4800 die
622 4724 718 4800 realis
746 4724 1005 4824 acquisitionis,
1029 4727 1142 4800 statim
1170 4725 1357 4821 deponan-

302 4874 324 4913 „
344 4837 400 4898 tur
423 4848 530 4920 penes
559 4826 670 4901 aedem
714 4824 871 4910 sacram,
904 4826 958 4900 vel
984 4825 1170 4924 personam
1198 4823 1292 4911 lide,
1317 4822 1356 4898 da

299 4967 329 5026 t’
346 4922 565 5018 lacultatibus
587 4927 774 5014 idoneam,
792 4925 837 5006 td
848 4923 1014 5017 effodite!
1032 4924 1113 5016 illa,
1128 4922 1187 5015 seu
1211 4922 1354 5003 illorum
1390 5016 1393 5021 Ι

728 5046 731 5054 ’
1181 5046 1326 5125 „prce¹
