3892 6434
555 901 627 992 De
655 900 925 993 sacramento
952 895 1231 998 Eucharistiae·
1361 924 1442 1011 549

386 1098 472 1155 nem
493 1085 750 1173 peccatorum,
772 1088 813 1149 ut
835 1071 967 1149 salvum
987 1074 1116 1151 laceret
1137 1067 1315 1171 populum
1339 1071 1442 1150 suum

383 1199 406 1253 a
432 1178 583 1275 peccatis
604 1194 735 1250 eorum
763 1171 841 1255 tde
864 1195 940 1272 quo
967 1175 1005 1248 in
1024 1171 1163 1249 Psalmis
1189 1176 1351 1251 canitur:
1377 1155 1554 1241 emisim-
1570 1169 1637 1238 1¹5³

384 1274 481 1345 licem
502 1272 658 1359 salutaris
682 1273 865 1364 accipiam,
883 1274 926 1343 (φ
950 1294 1064 1342 nomen
1098 1274 1238 1344 Domini
1265 1269 1439 1351 invocabo,

385 1372 444 1455 Est
468 1376 564 1451 enim
584 1370 686 1450 Colix
714 1372 777 1449 iste
796 1369 948 1447 salutaris
973 1374 1160 1475 accipienti
1176 1374 1237 1449 2&
1258 1374 1295 1448 in
1317 1370 1438 1449 Sacra·

384 1477 497 1551 menti
520 1473 771 1569 perceptione,
794 1474 832 1546 &
852 1474 888 1545 in
918 1468 1085 1549 Pollionis
1110 1474 1331 1551 imitatione,
1347 1470 1438 1552 ficut

347 1570 354 1621 ¹
383 1597 405 1653 a
437 1574 556 1650 lanitio
576 1569 793 1670 illartyribus
821 1592 990 1671 acceptus
1013 1570 1074 1649 est.

433 1670 563 1753 XXll.
609 1671 704 1752 Orat
748 1672 876 1747 deiude
919 1670 1092 1749 Sacerdos
1143 1673 1434 1766 omnipotentem
1468 1666 1635 1757 Supraquae

386 1770 534 1856 Deum,
555 1785 596 1849 ut
616 1774 718 1867 super
740 1769 816 1849 lraec
842 1794 988 1847 munera
1013 1776 1116 1851 vitae,
1137 1772 1174 1847 dc
1198 1770 1334 1857 salutis,
1355 1792 1434 1870 quae
1462 1760 1588 1879 proppro
1621 1790 1632 1820 ²

383 1870 448 1971 ipsi
480 1870 706 1953 offeruntur,
728 1873 968 1969 propitio,ac
996 1869 1117 1949 sereno
1141 1872 1242 1949 vultu
1266 1868 1436 1969 respicere
1464 1839 1632 1961 ἶζιωῗκω

384 1976 551 2071 dignetur
578 1994 590 2063 ;
613 1994 689 2046 non
709 1971 809 2068 quod
834 1970 952 2048 vultus
974 1973 1048 2067 ejus
1068 1971 1258 2069 aliquando
1279 1972 1436 2047 obnubi-

382 2073 499 2155 letur,
522 2072 558 2147 δι
577 2070 766 2169 aliquando
784 2069 980 2155 serenetur,
1003 2095 1088 2149 cum
1109 2074 1179 2169 ipse
1197 2072 1237 2148 lit
1259 2069 1358 2148 Pater
1377 2069 1435 2147 lu·

382 2176 545 2251 minum,
570 2170 666 2268 apud
690 2193 797 2268 quem
822 2194 897 2247 non
926 2170 975 2247 est
1001 2171 1267 2256 transmutatio,
1292 2193 1358 2247 nec
1379 2171 1435 2246 vi-

383 2270 587 2349 cillatudinis
617 2273 873 2363 obumbrati03
902 2268 958 2345 sed
987 2276 1049 2375 qui
1071 2272 1205 2370 semper
1231 2274 1267 2347 in
1298 2272 1434 2347 lumine

382 2372 433 2448 est
443 2426 454 2457 ,
465 2388 553 2449 tunc
564 2370 664 2465 supet
676 2393 741 2445 nos
753 2370 906 2456 serenat,
919 2372 955 2446 dc
968 2371 1142 2450 illuminat
1154 2371 1290 2447 vultum
1305 2368 1430 2456 suum.

382 2472 531 2571 quando
567 2469 720 2546 declarat
755 2468 856 2566 super
892 2493 959 2546 nos
1001 2469 1276 2547 misericordiam
1306 2470 1432 2557 luam,

382 2570 472 2649 licut
494 2588 635 2647 orantes
653 2592 737 2649 cum
770 2566 940 2645 Psalmista
963 2572 1137 2653 dicimust
1163 2572 1330 2641 illuminer
1356 2570 1433 2638 vul.
1451 2551 1552 2625 Pfflnt
1584 2558 1632 2622 66·

383 2690 453 2741 tum
475 2671 568 2761 llum
599 2670 689 2759 super
717 2693 773 2736 uos
793 2711 804 2746 ,
826 2676 867 2741 (s
893 2668 1086 2759 misereatur
1115 2667 1225 2753 nostri.
1253 2668 1343 2751 Non
1370 2692 1433 2747 au·

382 2785 456 2846 tem
478 2793 641 2854 oramus,
664 2783 705 2845 ut
724 2766 824 2845 Deus
846 2787 1035 2865 acceptum
1057 2818 1063 2843 ,
1087 2771 1123 2846 ἃ
1145 2788 1287 2868 gratum
1306 2769 1433 2847 habeat

385 2868 603 2946 Sacrificium
625 2889 671 2943 ex
704 2884 803 2964 parte
833 2870 883 2945 rei
911 2871 1039 2947 oblatae
1064 2870 1281 2969 spectatum,
1307 2887 1369 2946 aut
1391 2882 1434 2946 ut

381 2974 568 3069 propitio,
590 2989 632 3044 ac
651 2968 772 3043 sereno
794 2967 896 3045 vultu
926 2969 1026 3066 super
1051 2969 1229 3049 Christum
1252 2968 1435 3065 respiciat;

380 3069 439 3145 l'ed
472 3094 517 3145 ex
541 3087 640 3166 parte
664 3066 893 3147 offerentium
915 3071 1089 3147 ,ministri
1116 3069 1270 3154 scilicet,
1295 3091 1336 3145 ac
1357 3065 1434 3165 ple·

382 3170 455 3246 bis,
477 3174 538 3266 qui
560 3169 627 3245 lirae
646 3168 855 3243 infirmitatis
874 3169 1030 3255 conscii,
1048 3188 1170 3255 orant,
1186 3186 1225 3246 ut
1247 3167 1348 3245 Deus
1371 3165 1435 3245 Sa·

381 3267 576 3353 crisseium,
598 3285 771 3367 quatenus
797 3268 887 3343 attio
913 3267 1069 3365 ipsorum
1096 3271 1164 3355 eli,
1185 3270 1342 3365 propitio
1358 3264 1436 3343 vul·

381 3384 422 3445 tu
443 3368 622 3466 respiciat,
641 3370 678 3443 dc
694 3382 883 3465 acceptum
898 3367 1025 3448 habero
1046 3367 1233 3466 dignetur:
1261 3374 1349 3438 dicut
1362 3388 1437 3436 mu·

382 3490 461 3537 nera
482 3473 565 3557 jussi
588 3467 671 3539 Abel
688 3522 700 3554 ,
717 3473 759 3539 (φ
783 3462 989 3557 ,lucrificiam
1023 3470 1219 3538 Patriarcliae
1244 3464 1343 3545 nolsri
1364 3462 1435 3537 Ab.

381 3566 465 3639 rohae
481 3560 495 3643 ‚¹
509 3568 550 3637 (5
565 3563 685 3654 summi
705 3572 885 3637 Sacerdotis
906 3567 1167 3658 Melchisedech3
1188 3582 1266 3669 quae
1285 3572 1319 3644 ln
1343 3566 1438 3643 Scil-

381 3671 499 3765 pturis·
516 3670 692 3765 praecipue
711 3668 1033 3764 commendantur;
1052 3670 1087 3745 &
1108 3671 1143 3745 in
1164 3673 1293 3765 quibua
1313 3670 1436 3763 imago

381 3783 455 3845 erat
474 3768 579 3858 hujus
599 3770 668 3841 veri
688 3766 865 3844 Sacrificii.
893 3766 978 3845 Hoc
996 3769 1109 3867 ipsum
1128 3774 1222 3845 enim
1247 3773 1307 3844 uni
1326 3766 1434 3852 Deo,

380 3866 514 3941 authori
540 3865 722 3964 utriusque
751 3864 1053 3953 Testamenti,&
1093 3866 1271 3966 utriusque
1295 3862 1434 3945 Sacrifi-

380 3968 453 4042 cii,
478 3964 636 4060 placebat
670 3970 705 4040 in
737 3966 1020 4066 praefiguratione
1061 3990 1217 4045 venturae
1256 3968 1433 4047 veritatis,

380 4064 481 4165 quod
503 4068 539 4141 dc
559 4088 655 4140 nunc
677 4064 791 4160 placet
825 4072 860 4141 in
886 4066 1141 4163 adimpletione
1166 4064 1319 4161 ejusdem
1344 4065 1432 4137 veri·

379 4168 469 4242 tatis.
496 4163 591 4239 Nanr
619 4170 656 4239 dt
673 4170 708 4240 in
730 4162 908 4244 Sacrificio
933 4168 1040 4245 ubet,
1060 4164 1160 4263 quod
1182 4167 1226 4238 de
1250 4171 1434 4262 primoge-

380 4266 462 4337 nitis
484 4268 607 4340 ovium
641 4314 650 4339 ,
678 4266 713 4339 de
743 4264 905 4359 adipibus
937 4289 1058 4341 earum
1081 4266 1269 4345 oblatum,
1296 4260 1434 4338 Sacrifi-

378 4366 438 4440 cio
461 4362 570 4450 Cain,
591 4364 690 4462 quod
710 4387 756 4439 ex
782 4382 880 4441 terrae
903 4366 1071 4441 liuilibus
1088 4362 1282 4446 offerebat,
1311 4362 1433 4460 praela·

377 4477 457 4539 tum
475 4462 543 4546 est,
559 4466 644 4537 novi
659 4460 875 4539 Testamenti
907 4462 993 4539 sides
1018 4464 1306 4563 praefigurabatur
1322 4516 1332 4545 ,
1351 4481 1432 4558 quae

377 4582 425 4637 ex
453 4563 657 4638 innocentia
676 4564 800 4659 gratie
814 4560 934 4639 Deum
962 4563 1140 4649 laudans,
1164 4567 1289 4640 veteris
1309 4559 1433 4637 Testa·

377 4664 490 4738 menti
509 4664 653 4737 terrenis
669 4666 798 4755 opibus
815 4667 1059 4759 anteponitur·
1089 4662 1339 4739 immolatione
1352 4662 1433 4737 uni·

377 4761 435 4844 ci,
460 4761 497 4835 dc
520 4760 633 4835 diletli
656 4756 729 4839 Filii
753 4762 902 4843 Abrahae
919 4763 1122 4840 immolatio
1138 4764 1214 4867 ejus
1246 4760 1340 4861 preli
1373 4784 1429 4839 na·

375 4863 505 4945 batur.
526 4862 659 4957 dequo
671 4860 757 4937 dicit
769 4858 889 5037 [ἧπτε
902 4859 1031 4969 Hiersl
1050 4864 1156 4937 Filius
1169 4884 1257 4939 meur
1269 4784 1428 4977 dele-5:11,
1443 4842 1554 4999 lig&
1576 4862 1623 4933 ιτ.

395 5002 403 5023 ‚
751 5042 756 5049 ,
847 4976 932 5055 Μ
1203 4996 1222 5045 -r
1317 4984 1371 5031 -Ἰ
1403 4988 1410 4995 ·

1515 5101 1581 5122 Δ*
