3892 6434
599 1276 692 1364 452,
800 1251 956 1347 Theol.
972 1252 1145 1365 Dog&
1170 1250 1320 1349 moral
1341 1252 1433 1344 Lib.
1464 1254 1522 1351 II,
1551 1306 1555 1327 .

599 1453 649 1505 ex
672 1425 800 1525 quibus
823 1481 878 1517 „„
900 1424 1017 1523 plures
1030 1428 1175 1505 notorie
1192 1423 1396 1513 haereticos,
1418 1428 1454 1503 ἃ
1474 1451 1493 1503 a
1512 1420 1657 1508 sula..

603 1531 715 1604 tribus
730 1527 866 1605 dudum
880 1528 1114 1621 reprobatos;
1132 1526 1218 1601 alios
1240 1550 1315 1602 non
1337 1525 1548 1605 Catholicos
1566 1572 1578 1605 ‚
1597 1530 1655 1606 led
1667 1578 1692 1641 d

604 1650 798 1717 erroneos3
818 1625 904 1702 alios
915 1626 1154 1712 scandalosos,
1169 1628 1204 1702 dr
1219 1626 1459 1723 blasphemos;
1476 1626 1653 1725 quosdam

604 1731 744 1825 piarunt
762 1729 901 1804 aurium
920 1724 1133 1811 offenlivos,
1154 1728 1348 1803 nonnullos
1369 1731 1598 1814 temerarios,
1615 1732 1652 1807 dt

587 1826 785 1905 ,seditiosos
812 1828 834 1917 ζ,
846 1871 897 1917 »ι
919 1827 1036 1905 Conc-
1047 1824 1314 1904 Conliantiense
1331 1828 1542 1913 declaravit,
1559 1829 1598 1903 δι
1613 1844 1652 1907 ut
1681 1854 1683 1859 ’

605 1929 690 2004 tales
706 1927 910 2016 damnaria
930 1928 1088 2002 decimus
1108 1950 1226 2004 nonus
1243 1926 1298 2004 hia
1319 1928 1430 2005 verbis
1448 1948 1651 2025 conceptus

602 2028 681 2103 est:
703 2080 760 2118 „,‚
788 2024 962 2123 Speciales
991 2030 1170 2102 orationes
1197 2026 1378 2123 applicata
1402 2030 1464 2103 uni
1492 2032 1651 2121 perlonae

602 2150 669 2222 per
692 2113 884 2212 Praelatoa,
902 2125 958 2203 vel
985 2122 1209 2222 Religiosos,
1231 2149 1306 2201 non
1327 2127 1404 2223 plus
1435 2127 1590 2224 prosunt
1604 2131 1652 2203 ei·

600 2225 685 2305 dent
708 2248 817 2325 quam
837 2226 1036 2322 generales,
1061 2227 1192 2302 caeteris
1213 2229 1353 2320 paribus
1373 2280 1395 2316 „
1408 2272 1443 2316 ,‚·
1469 2226 1570 2304 Cum
1589 2231 1651 2304 ita·

599 2348 672 2423 que
692 2322 805 2402 Milia
814 2322 1032 2403 Sacrificium
1050 2328 1270 2413 intentione,
1287 2327 1322 2399 dr
1344 2331 1509 2403 oratione
1531 2327 1651 2403 Sacer·

600 2428 697 2502 dotis
715 2426 922 2501 celebrantis
937 2449 955 2499 a
985 2424 1133 2522 plicetur
1153 2423 1237 2511 illis,
1250 2448 1319 2522 pro
1335 2428 1463 2523 quibus
1475 2424 1654 2513 offertur,

444 2520 448 2533 ’
596 2548 678 2701 pon
704 2527 750 2600 ita
775 2524 919 2622 prodest
946 2448 1091 2622 sngulis
1107 2580 1119 2612 ,
1138 2546 1180 2599 ac
1205 2523 1319 2622 lipro
1347 2549 1423 2602 uno
1453 2526 1571 2671 lulum
1594 2524 1650 2604 os-

613 2639 759 2702 effetus·

652 2726 729 2801 Alia
750 2724 897 2822 quidem
915 2720 1014 2802 luisse
1034 2721 1174 2800 videtur
1194 2744 1294 2801 mens
1313 2718 1491 2812 Walafridi
1503 2720 1652 2796 Treboni

598 2822 659 2902 lib.
680 2828 717 2892 de
734 2821 844 2894 Rebus
860 2822 1091 2907 Ecclefieslicis
1104 2870 1115 2901 2
1130 2848 1207 2921 cap·
1218 2844 1276 2897 22·
1295 2876 1316 2915 „
1327 2880 1348 2916 ,‚
1377 2824 1445 2900 Sed
1469 2826 1506 2900 dt
1523 2826 1560 2901 in
1575 2822 1649 2903 hoc

599 2927 763 3017 (inquit)
786 2948 884 3002 error
908 2947 982 3000 non
1008 2925 1170 2999 modicus
1190 2926 1355 3010 videtur,
1376 2924 1476 3023 quod
1500 2927 1649 3024 quidam

598 3027 634 3102 se
653 3047 728 3099 non
741 3021 839 3121 posse
855 3025 953 3101 aliter
969 3026 1108 3120 plenam
1127 3030 1511 3101 commemorationem
1535 3026 1649 3103 facete

599 3147 751 3210 eorum,
775 3148 843 3219 pro
864 3128 993 3224 quibus
1016 3121 1194 3210 offerunt,
1218 3122 1281 3199 nist
1306 3123 1455 3219 lingulas
1478 3122 1649 3202 Oblatio-

600 3248 664 3301 nes
684 3248 752 3323 pro
776 3224 920 3322 singulis
943 3223 1113 3311 offerant3
1135 3224 1187 3299 vel
1207 3248 1273 3322 pro
1294 3228 1402 3306 rivis,
1418 3227 1453 3299 dt
1472 3225 1649 3302 defuncti·

597 3348 677 3402 non
704 3323 806 3401 srmul
829 3325 1000 3401 aestimant
1022 3325 1301 3414 immolandum
1327 3348 1411 3399 cum
1435 3323 1539 3400 limul
1565 3324 1648 3400 scia·

595 3447 825 3510 mus,unum
845 3448 914 3522 pro
927 3426 1094 3501 omnibus
1112 3438 1295 3500 mortuum
1307 3473 1316 3505 ‚
1328 3425 1364 3498 ἃ
1386 3448 1500 3500 unum
1515 3423 1649 3501 Panem

597 3522 688 3607 elle,
713 3526 748 3599 ἃ
770 3524 1008 3620 Sanguinem,
1027 3546 1134 3620 quent
1154 3523 1352 3599 universalis
1367 3540 1464 3600 tenet
1480 3522 1645 3602 Ecclesia.

598 3622 714 3717 Quod
735 3621 760 3698 sr
782 3627 840 3701 cui
867 3623 982 3720 placet
1005 3646 1074 3720 pro
1102 3623 1243 3720 fingulis
1263 3623 1459 3720 singulatim
1490 3624 1648 3711 offerre,

596 3746 666 3819 pto
691 3723 794 3799 solius
809 3724 1013 3799 devotionis
1026 3722 1280 3816 amplitudlne‚
1300 3728 1332 3799 u
1348 3719 1570 3800 Orationum
1586 3747 1649 3799 au·

598 3823 797 3919 gendarum
814 3823 1008 3898 devotione
1028 3822 1062 3895 id
1078 3824 1199 3904 saciat,
1226 3848 1300 3899 non
1324 3839 1441 3899 autem
1457 3846 1527 3919 pro
1545 3823 1647 3900 stulta

599 3926 794 4019 opinione,
821 3944 889 4020 qua
914 3938 1017 4019 putet
1041 3945 1152 3998 unum
1178 3921 1247 3999 Dei
1275 3923 1543 3999 Sacramentum
1570 3944 1647 3998 non

598 4018 668 4098 else
693 4024 856 4118 generale
880 4023 1178 4098 medicamentum
1202 4072 1267 4113 „,‚·
1294 4025 1362 4098 Sed
1386 4047 1461 4098 non
1485 4024 1647 4098 animad-

599 4125 706 4199 uertit
725 4122 780 4197 ille
805 4122 961 4199 Audict,
982 4122 1082 4218 quod
1106 4122 1168 4197 etsr
1193 4121 1293 4198 lllilsa
1318 4146 1363 4197 ert
1389 4139 1487 4216 parte
1511 4130 1561 4196 rei
1580 4128 1648 4199 ob·

600 4222 703 4302 latta,
720 4224 756 4297 ἃ
781 4220 980 4320 principalis
1001 4220 1204 4300 minentis,
1221 4224 1349 4299 scilicet
1367 4221 1520 4306 Christi,
1539 4222 1581 4296 lit
1595 4226 1647 4305 in·

599 4320 707 4398 finitae
727 4324 887 4409 virtutis,
909 4323 944 4395 ἂ
960 4321 1103 4416 Corpus
1116 4370 1125 4394 2
1140 4322 1354 4420 Sanguil'que
1381 4323 1469 4397 illius
1497 4320 1567 4396 srnr
1586 4346 1647 4417 ge·

598 4422 715 4498 netale
735 4424 1053 4505 medicamentum,
1069 4422 1168 4519 quod
1183 4429 1217 4497 in
1228 4424 1259 4497 se
1273 4423 1397 4508 lubet,
1414 4440 1453 4496 ut
1471 4426 1646 4497 omnrbut

599 4519 732 4619 prosit,
751 4537 888 4605 tamen,
903 4519 925 4594 s1
940 4544 1014 4597 non
1028 4523 1244 4619 applicatur,
1261 4545 1335 4596 non
1357 4523 1543 4614 medetur3
1570 4544 1645 4599 non

599 4640 720 4698 autem
734 4623 927 4718 applicatur
940 4619 1076 4696 infinite
1091 4645 1153 4718 per
1168 4625 1401 4697 intentionem
1420 4622 1481 4703 ,ἃ
1495 4618 1646 4699 Oratio·

599 4744 662 4797 nes
684 4722 880 4796 Sacerdotis
894 4746 904 4811 ;
919 4721 1013 4796 unde
1029 4744 1094 4796 nec
1113 4745 1178 4815 pro
1194 4722 1349 4816 pluribus
1373 4721 1556 4816 speciatim
1580 4723 1646 4797 ob·

599 4822 731 4900 latum,
756 4825 800 4894 ita
824 4818 1138 4916 fingulisptodell,
1152 4820 1231 4896 acsi
1252 4844 1318 4918 pro
1340 4843 1413 4897 uno
1437 4818 1645 4918 singulatim

599 4921 797 4996 offerretur.
828 4919 981 4995 Pretium
1001 4923 1094 4995 enim
1111 4922 1264 4998 solutum
1285 4943 1352 5016 pto
1371 4922 1555 5017 pluribus,
1569 4942 1644 4997 non

597 5042 699 5114 aeqne
717 5021 858 5114 prodest
871 5019 1033 5116 fingulis,
1048 5019 1126 5096 aest
1147 5045 1214 5115 pto
1237 5043 1311 5098 uno
1323 5020 1527 5097 solveretur·
1546 5019 1644 5099 Cum

594 5121 704 5212 igitur
727 5118 828 5195 Miffa
857 5120 896 5193 slt
910 5117 1112 5206 Sarrrfict'um
1137 5126 1243 5191 Prert'r'
1269 5118 1369 5197 nolsrr'
1392 5125 1464 5209 (ut
1481 5136 1595 5197 vocat
1611 5127 1644 5193 Sa

593 5218 757 5311 Augus)
773 5243 960 5321 nonaeque
976 5220 1117 5319 fingulis
1128 5220 1290 5324 prodest,
1303 5244 1374 5319 pro
1385 5223 1519 5319 quibus
1531 5220 1644 5299 offer·

1512 5338 1595 5415 sur.
