3892 6434
354 980 360 991 Ι
1395 721 1694 993 Ι-

474 1038 478 1049 fl
1262 1050 1268 1073 Ι

331 1130 339 1147 Ν

603 1258 685 1355 562
788 1236 943 1339 rreor
958 1243 1074 1358 oog.
1096 1249 1138 1336 a
1151 1180 1520 1341 aroanna.

659 1422 862 1491 Hlnrmarus
889 1415 1182 1515 Archiepiscopus
1201 1414 1379 1494 Remenfis
1400 1421 1436 1491 in
1461 1416 1663 1517 capitulari

609 1519 654 1600 ad
676 1518 901 1618 presbyteros
926 1517 1088 1592 dioecesis
1103 1517 1170 1593 suar
1188 1540 1308 1605 ,anno
1326 1509 1410 1601 852.
1437 1540 1519 1611 cap.
1540 1542 1574 1595 r.
1597 1522 1661 1596 sta.

611 1625 697 1698 tuit:
712 1670 733 1709 ‚,
747 1674 768 1710 ,‚
795 1612 899 1692 Utin
920 1620 1021 1692 omui
1044 1615 1244 1693 Dominico
1262 1615 1318 1691 die
1343 1613 1494 1714 quisque
1508 1616 1659 1735 Presby-

613 1720 721 1797 turin
751 1719 808 1793 sua
837 1713 988 1793 Ecclesia
1016 1734 1097 1792 ante
1119 1714 1299 1792 lllissarum
1322 1716 1494 1793 solemnia
1526 1743 1658 1821 aquarp

611 1816 831 1897 benediilam
850 1815 953 1891 saciat
977 1818 1015 1890 in
1036 1814 1112 1892 vase
1130 1815 1246 1893 nitido
1272 1871 1282 1903 ,
1304 1815 1341 1891 δι
1372 1832 1476 1893 tanto
1503 1822 1665 1897 minister

611 1923 668 1995 rio
689 1917 917 1992 convenienti
940 1964 951 1998 ‚
975 1915 1021 1992 de
1039 1938 1108 2014 qua
1131 1917 1285 2014 populus
1305 1919 1438 1992 intrans
1467 1914 1658 1997 Ecclesiam

609 2015 884 2115 aspergatun&
907 2017 968 2111 qui
985 2016 1181 2102 voluerint,
1212 2019 1247 2090 in
1273 2014 1416 2091 vasculis
1443 2014 1512 2093 suis
1541 2022 1657 2097 nitidis

610 2142 658 2196 ex
678 2118 733 2193 illa
753 2118 948 2213 accipiant,
961 2117 997 2190 &
1015 2122 1078 2215 per
1099 2114 1320 2199 mansiones,
1336 2116 1373 2189 &
1401 2139 1532 2210 agros,
1553 2122 1589 2188 δι
1608 2133 1656 2195 vr·

609 2242 716 2296 neas,
734 2215 836 2310 super
848 2237 978 2311 pecora
998 2238 1147 2313 quoque
1163 2215 1220 2291 sua
1244 2270 1255 2300 ‚
1276 2231 1384 2311 atque
1403 2214 1508 2314 super
1530 2220 1656 2315 pabula

609 2339 738 2419 eorurn
755 2337 918 2401 ,necnon
931 2315 969 2391 δι
990 2313 1091 2414 super
1114 2317 1213 2392 cibos
1225 2369 1235 2401 ,
1249 2316 1284 2391 δι
1298 2330 1427 2412 potum
1440 2314 1550 2394 suum
1569 2342 1655 2397 con·

607 2416 685 2505 sels
713 2434 772 2492 ant
799 2468 873 2505 ran·
901 2430 921 2443 ⁵⁵

621 2440 881 2608 primiciis,
904 2512 941 2589 &
961 2510 1130 2590 Dominis
1149 2511 1334 2599 locorum,
1355 2511 1427 2589 five
1455 2516 1568 2593 etiarn
1593 2513 1655 2596 Ec·

607 2614 789 2694 cleliarunr
811 2610 997 2696 Patronis,
1019 2612 1239 2710 aspergillum
1260 2615 1395 2709 porrigi
1414 2637 1494 2692 non
1518 2617 1652 2706 debet,

606 2735 648 2793 ut
687 2736 776 2811 aqua
804 2712 985 2790 benedisla
1012 2712 1156 2790 summis
1179 2714 1297 2808 digitis
1318 2712 1473 2789 delibata
1496 2715 1652 2795 srootenr

606 2815 817 2910 intingant,
844 2814 905 2911 qni
931 2800 1011 2888 solis
1047 2810 1228 2911 Episcopis
1247 2810 1386 2888 debitus
1422 2812 1490 2909 est,
1507 2815 1650 2907 honos3

606 2911 665 2988 sed
683 2910 745 3011 ipsr
766 2912 846 3009 poll
869 2911 1035 2997 Clarum,
1053 2915 1089 2988 δι
1115 2929 1196 2989 ante
1217 2910 1455 3008 promiscuam
1469 2914 1652 3009 plebema

607 3011 800 3088 Sacerdote
823 3010 955 3087 debent
976 3010 1116 3108 aspergi.
1149 3011 1243 3088 Cunr
1261 3011 1651 3114 enimSacerdotesipli

604 3109 640 3188 in
655 3113 770 3188 choro
785 3110 965 3207 praesentes
977 3136 995 3186 a
1006 3111 1236 3194 celebrante,
1262 3111 1498 3188 &Celebrans
1511 3117 1559 3189 ab
1575 3114 1651 3213 Epi·

604 3210 738 3306 scopo,
753 3234 836 3287 cunr
856 3208 967 3286 adelle
992 3213 1089 3287 illum
1115 3213 1296 3308 contingit
1327 3209 1561 3308 ‚aspergatur
1582 3272 1592 3301 ,
1615 3228 1650 3294 ut

476 3392 481 3407 p
603 3308 812 3388 effusionem
827 3312 975 3406 Spiritus
990 3308 1092 3387 sancii
1111 3335 1130 3385 a
1150 3310 1290 3387 Cluilio
1315 3333 1376 3406 per
1392 3308 1560 3390 Eccleriae
1584 3316 1649 3391 llll·

602 3412 783 3487 nillerium
805 3413 838 3483 in
863 3409 995 3485 Fideles
1012 3434 1136 3486 onrnes
1154 3409 1227 3485 fieri
1247 3434 1293 3485 ex
1312 3409 1649 3513 hocrituintelliga·

598 3532 783 3592 rnus3non
796 3508 939 3607 possunt
951 3507 1241 3608 Toparchae,live
1257 3508 1414 3586 Domini.
1425 3533 1469 3587 ac
1482 3509 1650 3593 Domina

602 3609 790 3693 locorum,
810 3606 997 3686 Patronive
1021 3611 1247 3687 Ecclesiarum
1263 3609 1297 3684 id
1320 3609 1415 3687 velut
1446 3613 1504 3704 jus
1533 3612 1649 3691 hono·

601 3709 740 3785 rificunr
765 3708 826 3784 fibi
846 3733 1033 3805 arrogare,
1053 3731 1092 3786 ut
1115 3714 1162 3785 eis
1187 3709 1410 3802 aspergillunr
1461 3710 1647 3811 orrigatirr.

601 3802 655 3884 Ita
690 3809 858 3884 sancitum
878 3810 926 3884 est
955 3817 999 3885 ab
1034 3808 1191 3884 Ecclefiae
1218 3807 1405 3885 Gallicanae
1428 3734 1593 3890 Fratribus
1613 3818 1645 3890 in

601 3907 765 3984 Corniriis
793 3909 1011 4003 generalibus
1027 3907 1118 3985 Cleri
1148 3912 1393 4005 congregatis,
1409 3910 1469 3984 die
1496 3925 1557 3998 18,
1574 3913 1647 3989 No·

599 4010 752 4083 rembris
775 4031 871 4083 anno
906 4007 1090 4084 millefimo
1118 4008 1369 4084 sexcentesimo
1393 4011 1645 4108 quinquagesi-

523 4140 528 4157 ·
598 4127 663 4181 rno
684 4107 796 4182 sexto.
822 4105 994 4204 idemque
1015 4107 1127 4186 suerat
1152 4126 1251 4183 antea
1266 4108 1504 4185 constitutum
1532 4112 1644 4188 edisio

597 4196 702 4302 Regii
734 4205 936 4282 Consrstorii
968 4209 1024 4284 die
1046 4224 1080 4298 9.
1108 4207 1305 4304 Septembr·
1337 4231 1435 4284 anno
1459 4211 1645 4289 millesimo

595 4296 850 4382 sexcentesrmo
874 4306 1053 4402 trigesimo
1067 4330 1167 4382 nouo
1180 4363 1190 4394 ‚
1205 4307 1518 4385 Senatusconsulto
1533 4309 1644 4390 Tolo·

596 4404 680 4480 sano
701 4411 735 4480 in
748 4410 885 4490 irritum
903 4404 1005 4483 misso
1023 4406 1144 4503 ‚quod
1161 4410 1241 4504 pagi
1255 4405 1436 4500 cujusdam
1451 4406 1642 4498 Domino,

471 4540 475 4544 ·
595 4526 740 4580 necnon
763 4508 835 4600 ejus
860 4509 1009 4601 conjugi
1032 4555 1042 4587 ,
1065 4528 1105 4580 ac
1129 4505 1206 4580 liliis
1230 4561 1240 4592 ,
1264 4530 1392 4601 aquam
1424 4508 1644 4588 benediilam

595 4626 680 4679 cum
709 4600 892 4701 aspergillo
926 4610 960 4679 in
991 4630 1114 4680 manus
1141 4606 1212 4680 dari
1235 4660 1246 4688 ‚
1273 4605 1400 4703 absque
1422 4606 1643 4703 aspersione,

595 4719 721 4779 contra
742 4710 925 4798 antiquunr
950 4703 1107 4781 Ecclesia
1133 4707 1259 4788 ritum,
1290 4728 1331 4780 ac
1356 4728 1500 4782 morem
1523 4709 1643 4787 decre·

593 4822 702 4883 verat.
733 4801 869 4879 Similes
894 4803 1256 4881 veroConrroversras
1278 4805 1320 4878 ad
1346 4803 1466 4881 sorum
1497 4805 1640 4904 Episco-

594 4903 671 4997 pale
705 4903 829 4979 deserri
867 4904 984 4979 statuit
1017 4902 1095 4980 Rex
1122 4902 1414 4979 christianissimus
1449 4911 1640 4980 Luciovirur

590 5002 696 5175 {ligra
726 5027 845 5081 earurn
868 5007 1079 5101 cognitione
1102 5001 1317 5082 sacularibus
1341 4999 1535 5101 Judicibus
1559 5035 1640 5108 pro·

620 5123 630 5173 r
656 5117 715 5179 rta.

328 5162 495 5343 ἢ
1528 5207 1593 5289 111.
