3892 6434
492 935 499 946 ·
555 904 625 993 De
652 902 919 992 sacramento
944 895 1219 1035 Eucharistiae.
1337 921 1419 1009 527

377 1076 520 1177 gustans
540 1072 625 1152 illud
646 1077 681 1150 in
704 1074 780 1172 spe,
793 1070 931 1160 fine&
954 1068 1418 1170 elurit‚qu,odgustaverit,

358 1184 495 1256 'donec
508 1175 748 1272 spesmutetur
760 1175 795 1247 in
811 1197 909 1258 rem,
928 1170 1065 1246 &sides
1081 1172 1117 1247 in
1128 1171 1290 1271 speciem.
1318 1170 1420 1265 Qua·

380 1297 526 1378 propter
553 1277 625 1352 hot
650 1297 784 1353 nomen
800 1273 1019 1349 hebraicum
1053 1269 1181 1369 absque
1209 1275 1419 1370 interpreta-

381 1386 480 1456 tione
499 1371 679 1462 remanfit,
706 1393 745 1452 ut
768 1375 993 1469 peregrinum
1014 1369 1058 1445 ab
1073 1367 1140 1448 hac
1162 1374 1229 1447 rita
1247 1372 1419 1468 gaudium

381 1478 603 1577 peregrinum
617 1469 1431 1573 quoquevocabulumsignaretpotius,quam·
1547 1444 1562 1475 '

380 1581 604 1674 exprimeret.
632 1574 815 1669 Quoniam
836 1576 947 1669 igitur'
973 1570 1137 1662 aleluja,
1162 1567 1289 1648 sutulae
1313 1573 1419 1648 beati·
1499 1573 1504 1638 Γ
1539 1635 1545 1650 ,
1596 1634 1603 1645 .

382 1680 511 1754 tudinis
542 1672 636 1765 quasi
657 1678 840 1771 proprium
870 1673 920 1749 est
943 1671 1184 1756 vocabulum,
1205 1674 1282 1766 jure
1307 1673 1436 1768 magia·

382 1800 428 1852 eo
459 1792 622 1872 tempore
646 1781 890 1870 trequentatur
908 1826 919 1857 ,
939 1794 1020 1868 quo.
1045 1770 1202 1849 Christus
1237 1771 1421 1867 resurgens

382 1876 535 1970 ejusdem
555 1876 775 1950 beatitudinis
791 1873 887 1967 spem
905 1875 1008 1946 nobis
1022 1873 1164 1954 tribuit,
1189 1871 1225 1945 ἃ
1243 1872 1422 1962 meritum.

384 1978 553 2053 sanimus
584 1972 723 2062 Alli-iuja
754 1972 833 2066 post
861 1975 1054 2056 Gaulane,
1079 1968 1267 2048 Canticum
1302 1969 1422 2045 videli·
1471 1984 1475 2005 ¹

382 2091 440 2151 cet
460 2077 585 2149 laetitiae
607 2072 684 2168 poll
704 2072 835 2149 lustum
858 2075 1099 2168 poenitentiae,
1118 2093 1185 2164 pro
1204 2074 1327 2145 nostro
1340 2091 1420 2143 mo·

377 2172 472 2251 'dulo
490 2178 686 2268 exprimere
705 2175 826 2248 conati
846 2172 1129 2266 magnitudinem
1149 2168 1423 2246 consolationis·

384 2330 407 2368 „
423 2295 501 2370 quae
519 2271 667 2366 reposita
681 2273 730 2347 est
747 2272 960 2367 lugentibus.
990 2266 1205 2346 Postremum
1228 2292 1312 2345 vero
1328 2268 1424 2345 litte·

383 2430 407 2467 „
422 2396 496 2447 iam
525 2376 561 2447 in
586 2371 702 2470 plures
722 2394 865 2447 neumas
886 2370 1065 2469 jubilando
1089 2367 1350 2466 protrahimus,
1380 2379 1422 2445 ut

384 2474 585 2568 ,jucundo
606 2473 726 2549 auditu
755 2495 854 2547 mens
876 2474 1025 2548 attonita
1046 2470 1240 2570 repleatur,
1256 2472 1293 2545 u
1308 2470 1424 2565 rapia-
1470 2536 1473 2542 .

385 2627 408 2664 „
426 2589 482 2647 tur
519 2571 602 2646 illuc
619 2620 629 2654 ‚
647 2574 707 2649 ubi
736 2570 871 2669 semper
901 2574 966 2648 erit
1000 2575 1069 2647 vita
1092 2568 1163 2645 fine
1187 2587 1304 2645 morte
1322 2617 1333 2650 ,
1349 2570 1423 2643 dies

386 2725 409 2763 „
427 2668 498 2744 llue
526 2671 651 2757 none,
676 2672 876 2765 jucunditas
894 2669 965 2746 line
992 2671 1147 2750 dolore,
1168 2669 1332 2745 securitas.
1351 2665 1424 2743 une

361 2782 410 2862 ²„
429 2773 580 2852 timore,
599 2771 827 2870 tranquillitas
840 2770 911 2846 slne
927 2770 1049 2847 labore
1064 2815 1073 2845 2
1088 2769 1263 2847 sortitudn
1275 2766 1345 2843 sine
1362 2767 1426 2841 de·

366 2924 409 2962 .„
431 2850 593 2950 brinate,
618 2872 790 2947 reditudo
817 2868 889 2945 fine
920 2868 1167 2964 perversitate,
1194 2865 1425 2966 pulchritudo

357 3048 360 3054 <
385 2967 496 3060 „hue
514 2968 760 3055 deformitate,
784 2974 907 3047 veritas
921 2969 991 3044 sine
1009 2969 1163 3054 fallacia,
1183 2970 1331 3046 charitas
1353 2964 1426 3043 lino
1493 3006 1495 3011 ,
1559 3022 1562 3031 .

388 3071 516 3143 malitia
530 3113 537 3139 2
550 3070 693 3147 felicitas
708 3068 779 3145 fine
799 3068 930 3145 miseria
948 3090 961 3159 ;
977 3063 1122 3168 (inquit
1139 3066 1422 3142 Innocentiuslll.

386 3168 447 3245 lib·
463 3185 499 3237 2.
532 3173 570 3236 de
593 3168 758 3259 Mylseriia
789 3165 916 3263 Mlss⁴=
943 3191 1022 3266 cap·
1040 3168 1134 3261 32.)
1159 3167 1273 3263 Quod
1308 3182 1427 3242 autem

388 3268 597 3364 interposito
633 3268 731 3345 versu
759 3269 810 3345 bis
853 3265 994 3360 Alleluia
1025 3283 1209 3351 cantatur,
1235 3264 1427 3364 significat»

390 3368 492 3465 quod
518 3370 694 3462 interjetla
719 3371 834 3445 laetitia
856 3367 970 3446 Sansli
1000 3370 1179 3465 geminam
1198 3364 1430 3468 glorificatio·

388 3469 442 3542 uis
465 3466 587 3540 stolam
605 3473 801 3565 accipient,
821 3473 971 3554 animae,
994 3470 1030 3544 δι
1053 3472 1227 3566 corporis.

331 3562 354 3613 Ε·
440 3561 626 3641 Ludluusrs
656 3587 725 3643 tem
755 3569 875 3647 oribus
905 3591 972 3666 pro
1002 3567 1142 3661 Asrluje
1168 3565 1316 3646 ‘statius
1340 3565 1430 3643 dici-

331 3662 346 3751 ¹‚·
389 3679 474 3750 tur,
491 3666 629 3762 aliquot
653 3690 712 3742 ver
742 3673 830 3753 hus,
852 3668 1087 3764 &interdum
1116 3670 1258 3766 integro
1291 3665 1429 3745 Psalmo

338 3782 345 3805 ‘
391 3768 555 3840 constans
575 3817 585 3848 ,
606 3768 662 3839 cui
682 3788 701 3839 a
723 3766 897 3842 trahendo
920 3790 1053 3842 nomen
1075 3768 1226 3843 inditum
1247 3767 1322 3852 est,
1346 3769 1430 3866 quie

331 3860 346 3915 ἕ
391 3863 550 3949 tradim,
572 3862 608 3937 &
627 3868 777 3959 graviter
790 3868 1005 3944 decantatur.
1032 3869 1046 3947 l
1050 3869 1071 3942 d
1087 3865 1290 3947 discriminis
1307 3865 1357 3942 est
1376 3870 1431 3939 in·

331 3934 348 4019 l
394 3978 446 4038 ter
455 3961 711 4057 responsorium
722 4018 733 4050 ,
743 3969 800 4042 cui
813 3966 955 4043 Chorus
967 3965 1155 4063 respondet
1170 3967 1225 4040 i&
1239 3962 1406 4042 Traslum
1421 4004 1436 4043 s

344 4044 350 4117 l
390 4064 451 4145 cui
474 4084 604 4147 nemo,
625 4065 723 4161 quod
746 4066 794 4140 est
815 4069 992 4143 interduo
1010 4064 1206 4151 sacrificia,
1223 4064 1350 4142 scilicet
1367 4086 1432 4139 co·

331 4164 353 4255 ¹¹
392 4161 618 4247 lumborum,
645 4165 679 4238 dr
705 4180 895 4245 turturum.
933 4163 1110 4242 Volucres
1137 4164 1204 4253 illae
1230 4186 1339 4261 ,quae
1362 4185 1433 4261 pro

331 4264 355 4321 ΓΙ
392 4280 499 4355 cantu
544 4264 697 4358 gemitus
731 4263 887 4347 habeut,
924 4263 1094 4363 lacrymas
1120 4261 1307 4340 humilium
1345 4259 1435 4337 desi-

331 4370 354 4425 »l
393 4375 532 4458 guent,
553 4364 680 4458 quibus
700 4363 893 4461 plurimum
918 4373 953 4439 in
982 4362 1060 4461 ipsis
1088 4365 1193 4440 etiam
1222 4365 1324 4462 bouis
1347 4384 1435 4458 ope·

331 4462 357 4523 ri
392 4463 489 4536 ribus
508 4460 707 4557 indigemus
726 4482 737 4550 3
756 4465 837 4557 quia
859 4463 918 4540 etsi
943 4465 1038 4542 bona
1058 4460 1143 4542 esse,
1168 4486 1249 4560 quar
1271 4465 1432 4558 agimus,

331 4562 357 4651 1
392 4560 709 4659 novennemque·
731 4578 849 4639 tamen
869 4560 1087 4640 severitatea
1112 4560 1278 4641 Domino
1301 4563 1436 4636 exami-

331 4660 357 4717 Ι
393 4658 509 4737 nanda
524 4709 536 4743 ,
554 4682 622 4759 qua
637 4659 885 4757 perseverantia
899 4658 965 4739 fint
980 4688 1000 4738 a
1017 4663 1121 4740 nobis
1132 4659 1434 4746 consummanda.

331 4752 354 4827 ‚¹
390 4758 875 4859 nescimus.Columba,quae
885 4763 1058 4859 gregatim
1067 4757 1435 4859 epurersarimolare,

331 4854 351 5012 τ
393 4860 433 4938 &
452 4858 1437 4961 gemereconsuevit,artnae.ntatrequrutianhuon

331 5032 352 5109 ἑ,
1281 4956 1398 5053 &oa
1478 5038 1483 5053 .
