3892 6434
593 1322 686 1419 ’486
799 1310 956 1406 Theoi
970 1312 1145 1453 DQ&
1169 1307 1318 1407 hinni
1340 1308 1435 1403 Lib.
1465 1308 1511 1404 Π

510 1496 513 1503 ’
591 1482 829 1575 'immediatus
838 1480 1011 1564 successor
1025 1529 1036 1562 2
1049 1485 1084 1568 in
1097 1482 1250 1585 synodo
1273 1506 1292 1562 a
1319 1485 1463 1577 Rogerio
1476 1485 1519 1553 de
1540 1488 1659 1556 Haec.

602 1593 681 1657 dens
702 1585 834 1671 relata,
862 1583 983 1662 statuit
1005 1606 1081 1670 ,ne
1121 1583 1384 1677 consecraretur
1415 1582 1655 1678 Eucharistiae

605 1683 670 1764 nist
692 1687 729 1761 in
762 1685 871 1761 calice
890 1706 1024 1768 anteo,
1040 1681 1097 1760 vel
1116 1698 1316 1783 argenteo,
1338 1686 1373 1759 de
1396 1706 1442 1760 ne
1465 1684 1654 1777 shnnenm

604 1784 752 1863 calicem
766 1780 961 1883 Episcopus
986 1782 1222 1861 benediceret.
1249 1779 1293 1876 Et
1310 1790 1343 1864 S.
1358 1789 1473 1855 Petras
1495 1788 1656 1857 Dentati

508 1974 515 1989 x
604 1881 795 1986 Opul'cuio
806 1898 866 1973 23.
886 1886 965 1983 cap.
979 1883 1213 1961 necesstiate
1228 1880 1405 1965 invehitur
1422 1886 1459 1959 in
1483 1884 1655 1964 Sacerdo-

604 2002 682 2071 tes,
704 1987 767 2081 qni
790 1982 984 2069 stanneos,
1007 1981 1064 2070 rel
1090 1985 1196 2061 etiam
1224 1980 1379 2082 supparis
1409 1984 1655 2100 cojuscunque

604 2083 737 2177 mmaili
760 2083 887 2163 calices
912 2080 1073 2160 sordibus
1106 2082 1346 2171 inhorrescere
1370 2086 1549 2195 patienter
1570 2090 1654 2184 aipi-

338 2222 342 2231 ·
364 2261 368 2272 ,
463 2212 499 2283 ·,
605 2187 766 2268 ciebant:
787 2238 810 2276 „
838 2178 997 2283 lstqnnd
1017 2176 1182 2279 (inquis)
1206 2204 1282 2260 non
1298 2183 1505 2279 dignaretur
1526 2182 1654 2269 Potens

420 2370 425 2385 ,
605 2284 790 2386 „quilibet
803 2282 954 2381 proptiae
969 2280 1137 2359 adhibete
1157 2282 1279 2370 labiis,
1296 2285 1331 2357 in
1353 2280 1426 2357 hoc
1438 2282 1493 2361 isti
1511 2284 1655 2383 Corpus

521 2467 524 2473 ,
604 2396 629 2482 ,‚'
644 2407 719 2461 non
744 2402 911 2461 vetentur
922 2383 1109 2479 imponere
1121 2379 1309 2465 Salvatoris
1330 2438 1363 2474 „.
1391 2378 1571 2461 Veterem
1595 2386 1654 2463 so·

604 2482 745 2579 clessam
768 2481 933 2561 calicibus
958 2485 1094 2565 eureis,
1114 2482 1152 2559 dt
1173 2482 1347 2581 argenteis
1364 2481 1460 2559 osam
1477 2482 1522 2561 ad
1546 2484 1652 2575 Sacri

495 2672 498 2677 ,
605 2582 752 2677 licium,
774 2582 955 2681 colligitur
974 2602 1022 2659 ex
1042 2586 1164 2673 opraero
1175 2580 1375 2652 melevitano
1398 2582 1458 2658 lib·
1476 2605 1505 2655 t.
1525 2586 1587 2662 ubi
1603 2585 1652 2661 lo·

605 2706 719 2785 quens
747 2680 792 2759 de
817 2678 984 2767 Merserit
1008 2678 1187 2781 Episcopo
1215 2683 1285 2758 aitr
1308 2738 1331 2773 ‚,
1360 2677 1470 2773 Erant
1494 2680 1653 2775 Ecctefia

604 2790 690 2879 ,gex
717 2803 830 2868 auro,
859 2782 895 2857 de
924 2797 1076 2879 argento
1105 2804 1213 2881 quam
1240 2781 1391 2881 plurima
1415 2804 1653 2866 ornamenta,

604 2904 726 3060 isis
745 2880 1056 3078 filiiflii
1074 2879 1652 3085 sfuslsslssihffl‘s‘hi

606 3081 774 3159 dubitet?
792 3078 903 3163 Libro
924 3085 1019 3156 eninr
1047 3080 1148 3158 sexto
1174 3084 1265 3157 inter
1293 3077 1572 3164 Donatistarum
1592 3086 1652 3161 fce-

603 3180 701 3273 sera,
729 3181 803 3258 hoc
817 3184 921 3259 etiam
942 3179 1021 3275 ipsis
1034 3181 1247 3281 exprobrat,
1268 3180 1368 3276 quod
1394 3180 1526 3259 calices
1550 3184 1653 3279 frege-

604 3287 677 3369 rint
694 3337 704 3369 ‚
720 3283 756 3357 &
780 3281 1028 3357 vendiderint:
1053 3326 1111 3372 „,‚
1154 3278 1311 3376 fregistis
1338 3274 1508 3372 (inquit)
1537 3283 1651 3361 calices

606 3383 735 3458 Chntii
757 3380 942 3478 Sanguinis
963 3398 1189 3479 portatores.
1214 3402 1370 3477 quorum
1397 3380 1537 3478 species
1558 3407 1652 3461 revo-

604 3483 705 3569 callis
727 3482 763 3559 in
783 3479 925 3565 ntalsos.
946 3503 1107 3581 mercem
1125 3479 1261 3556 nefariis
1278 3478 1446 3567 nundinis
1459 3504 1652 3578 procuran-

603 3597 668 3679 tes.
698 3579 869 3660 Emerunt
889 3579 1033 3657 forsitan
1054 3583 1089 3655 in
1103 3577 1181 3656 osus
1199 3579 1277 3656 senos
1299 3577 1448 3659 sordi&
1470 3584 1648 3666 mulieres.

604 3697 769 3757 emerunt
788 3684 938 3776 pagani,
963 3679 1082 3756 faflurs
1103 3678 1198 3765 vasa,
1216 3682 1254 3755 in
1279 3682 1407 3777 quibus
1423 3685 1652 3760 incenderent

605 3782 709 3873 idolis
734 3781 799 3858 suis
833 3829 909 3871 ,ην
935 3778 1090 3857 Celebris
1113 3777 1162 3858 eil
1191 3781 1290 3891 impii
1314 3780 1472 3857 honrinis
1502 3782 1653 3881 blasphe-

603 3884 696 3968 mia,
718 3903 826 3976 quem
849 3902 932 3956 cum
955 3877 1120 3967 ‚Julianus
1143 3874 1296 3957 drasam
1320 3878 1364 3954 ad
1388 3882 1652 3962 Antiochenam

605 3977 795 4060 Ecclesiam
819 3978 1047 4056 deridendam
1069 3975 1238 4064 miflsset,
1264 3979 1445 4057 sacrorum
1469 3983 1654 4064 vasorum,

604 4104 686 4193 quae
710 4076 936 4159 condaminas
967 4078 1184 4164 donaverat,
1213 4102 1269 4169 ma
1299 4076 1520 4169 nificentianr
1550 4083 1653 4160 admi·

604 4195 721 4273 tatus:
747 4181 796 4250 En
822 4174 995 4278 (inquit)
1020 4175 1196 4268 cujusmodi
1218 4102 1306 4266 erasse
1324 4178 1421 4253 filio
1450 4183 1576 4253 maria
1599 4179 1649 4254 aas·

603 4276 775 4375 pilleatus,
803 4276 854 4357 Ita
875 4278 980 4371 refert
1003 4274 1223 4348 Theodoreus
1242 4277 1303 4354 sib.
1327 4297 1357 4364 ζ.
1386 4278 1523 4355 Hillor.
1542 4277 1650 4364 Eerles

477 4426 482 4435 ·
604 4384 730 4480 caps.
751 4373 1299 4469 t.‚⁴7omchmbliomasaurenm
1325 4377 1500 4481 calicem,
1515 4386 1653 4481 degem-

557 4526 562 4536 ·
605 4488 672 4579 pris
685 4499 851 4558 ornatum
863 4493 1126 4557 cnrrrmtmorat
1147 4475 1351 4574 Homil5t.
1375 4481 1411 4553 in
1427 4478 1652 4565 hiartharum.

604 4590 638 4659 S.
655 4581 871 4673 Hieronymus
899 4577 960 4674 Ep.
984 4577 1027 4653 ad
1052 4578 1264 4668 Theophilum
1283 4581 1579 4660 Alexandrinum,
1604 4604 1653 4677 pr·

603 4682 776 4763 sobolibus
798 4680 952 4779 ejusdem
978 4678 1153 4771 Theophili
1177 4677 1338 4775 Epistolss
1361 4680 1405 4755 ab
1441 4684 1524 4776 spso
1548 4682 1653 4760 latini·

605 4799 677 4861 tate
695 4781 833 4857 donatis
855 4777 1017 4879 praefixa,
1037 4777 1073 4854 8.
1085 4779 1228 4865 calices,
1254 4779 1390 4876 aliaque
1409 4779 1528 4858 rstvsni
1552 4782 1653 4861 Sacri·

603 4875 1480 4977 ficliiostrumentavenerationedignaessedocet.
1507 4933 1566 4976 ‚„‚
1595 4882 1653 4960 llll·

603 4989 666 5072 pari
681 4981 796 5058 sumus
821 4972 987 5075 (inquit)
1013 4981 1047 5052 in
1075 5002 1184 5075 opere
1204 5000 1268 5055 trro
1286 4978 1478 5057 utilitatem
1487 4985 1651 5060 ¹omnium

603 5076 858 5176 scelestarum,
881 5098 922 5158 ut
947 5078 1098 5163 distant,
1120 5083 1181 5178 qui
1200 5083 1386 5175 ignorant,
1410 5085 1548 5161 eruditi
1571 5084 1652 5161 telli-

604 5183 733 5264 rnrmiss
750 5183 1008 5265 Scr⁵nittramm
1024 5235 1033 5260 ,
1051 5202 1121 5277 qua
1134 5180 1284 5257 debeant
1304 5183 1652 5261 venerationesanfft

603 5277 844 5396 sillst'psies&
859 5282 983 5379 ditaris
1006 5276 1136 5370 Christi
1152 5280 1344 5358 ministerio
1364 5278 1568 5374 deservire,
1592 5283 1650 5360 sac·

328 5348 487 5461 ι
526 5452 533 5461 ·
1535 5384 1607 5462 tos·
