3892 6434
606 1235 687 1330 578
798 1211 954 1310 Theoi.
975 1213 1091 1327 Dog.
1105 1214 1147 1303 δι
1160 1210 1310 1308 llloral.
1331 1211 1430 1309 Lib.
1462 1211 1526 1303 ΙΙ.

606 1397 691 1482 tiam
706 1446 717 1477 ,
731 1387 767 1466 n
782 1387 1076 1465 benedidionem.
1107 1383 1174 1462 Vel
1189 1436 1200 1468 ,
1214 1386 1341 1483 triplex
1360 1384 1421 1460 illa
1452 1384 1574 1462 crucis
1598 1386 1654 1461 im-

608 1489 733 1592 preslro
755 1492 881 1565 trinam
903 1486 1033 1567 Christi
1056 1491 1092 1561 in
1117 1492 1245 1584 agonia
1269 1486 1370 1580 positi
1394 1537 1402 1557 .
1429 1487 1469 1560 aa
1494 1490 1653 1562 eumdem

607 1593 807 1669 sermonem
827 1589 1228 1685 repetentisorationem
1251 1586 1435 1681 significat.
1459 1584 1573 1663 Forte
1582 1611 1653 1682 pro·

609 1712 688 1789 pter
707 1688 870 1766 sudorem
892 1686 1067 1782 Corporis
1089 1709 1179 1763 crux
1208 1691 1426 1783 imprimitur
1453 1690 1561 1781 super
1575 1687 1653 1762 cor·

543 1804 546 1811 ’
609 1791 746 1889 pum&
761 1801 907 1885 propter
923 1802 1042 1884 guttas
1064 1785 1269 1882 Sanguinis
1287 1786 1388 1882 super
1410 1784 1653 1881 Sanguirremp

611 1894 648 1966 de
671 1892 753 1987 quia
766 1887 923 1965 Christus
948 1878 1104 1983 procidit
1124 1890 1159 1960 in
1179 1886 1303 1961 faciem
1326 1886 1423 1961 liram
1438 1909 1572 1972 orans,
1585 1880 1655 1966 ideo

611 1988 674 2066 libi
701 2011 844 2066 crucem
866 1990 907 2072 in
930 1983 1018 2061 sacia
1041 1986 1213 2061 Sacerdos
1246 1988 1419 2082 imprimit
1438 2006 1453 2074 ;
1488 1990 1548 2060 vel
1571 2036 1583 2068 ‚
1605 2006 1654 2081 per

612 2091 700 2165 duas
721 2090 833 2164 crucis
853 2083 1094 2183 imprelliones
1118 2088 1217 2184 snper
1250 2083 1418 2180 Corpus,
1454 2086 1494 2158 δι
1521 2088 1655 2180 Sangui:

612 2185 957 2282 nem,des1gnantur
987 2184 1145 2269 vincula,
1166 2174 1368 2282 &flagellm
1384 2185 1560 2270 vincula,
1589 2191 1655 2283 qui·

613 2291 681 2386 bus
701 2286 850 2384 ligatum
872 2287 921 2361 est
941 2283 1110 2381 Corpus;
1127 2283 1281 2382 flagella,
1304 2287 1436 2381 quibus
1460 2284 1655 2362 eliciturus

614 2387 776 2485 Sanguis.
809 2383 927 2462 Tertia
946 2408 1030 2460 vero
1052 2392 1167 2463 crucis
1188 2382 1358 2481 lignatio.
1384 2407 1503 2483 quam
1521 2384 1582 2461 fibi
1605 2382 1655 2478 ips

615 2486 787 2564 Sacerdos
808 2486 1000 2582 imprimit,
1021 2483 1191 2579 significat
1217 2486 1382 2575 injurias,
1405 2484 1656 2559 contumelias,

613 2586 729 2682 alapas
751 2583 894 2661 Christo
913 2588 949 2658 in
976 2585 1101 2660 faciem
1128 2582 1264 2661 illatas,
1287 2586 1323 2658 ἃ
1347 2584 1527 2678 impactas
1552 2638 1564 2669 ,
1586 2605 1657 2659 cun

615 2686 832 2778 exspuebant
854 2688 890 2760 irl
918 2684 1041 2760 satiem
1062 2685 1155 2780 ejus,
1182 2685 1216 2758 dr
1240 2684 1404 2759 velabant
1422 2685 1556 2759 taciem
1574 2687 1656 2774 ejus,

616 2787 653 2861 ba
671 2785 852 2862 caedebant
864 2831 875 2863 ‚
889 2786 1063 2860 dicentes:
1082 2783 1283 2876 Propbarica
1303 2781 1584 2870 animoniae,
1597 2804 1660 2876 qm

502 2951 504 2954 .
615 2882 681 2962 ess,
708 2888 765 2976 qui
790 2902 824 2952 re
842 2883 1005 2977 percufflr.

616 2975 707 3062 Tres
729 2982 862 3061 Cruces
884 2981 987 3082 super
1005 2981 1122 3061 oblata
1144 2975 1317 3080 imprimit
1335 2981 1519 3059 Sacerdos
1547 3033 1559 3061 .
1586 3005 1660 3058 cum

581 3081 586 3100 ⁸
616 3088 666 3162 ait
681 3109 690 3160 ξ
707 3079 917 3169 Sanssrficas,
945 3079 1126 3168 vivificas,
1151 3081 1308 3152 benedab
1333 3107 1343 3172 3
1371 3089 1415 3156 ad
1436 3083 1661 3159 recolendam

616 3183 900 3262 crucifixionem
920 3183 1047 3260 Christi
1061 3231 1069 3260 ‚
1084 3183 1258 3281 quaefaua
1281 3184 1330 3257 est
1359 3181 1452 3257 hora
1475 3192 1580 3260 tertia
1606 3187 1662 3256 lirr-

617 3288 698 3380 'guis
712 3281 922 3381 'Judaeorum
944 3302 996 3358 ter
1017 3284 1242 3360 clamantium
1262 3297 1270 3356 t
1287 3280 1455 3374 crucifige
1468 3335 1479 3360 ‚
1493 3277 1660 3375 crucifige.

618 3389 876 3477 crucifigamur.
902 3381 991 3469 Vel,
1015 3385 1142 3477 triplex
1169 3383 1222 3457 illa
1239 3382 1363 3459 Crucis
1396 3381 1586 3478 impressio
1611 3387 1662 3458 tri·

587 3575 591 3582 ,
617 3483 748 3578 plicem
772 3480 896 3559 Christi
915 3482 1082 3560 inCruce
1104 3485 1286 3577 pendentis
1306 3487 1517 3558 orationem
1545 3505 1661 3579 repra·

618 3582 728 3660 sentat
747 3597 757 3666 ξ
776 3607 882 3659 unam
898 3607 965 3677 pro
981 3579 1259 3676 persecutoribus
1274 3631 1283 3651 .
1301 3605 1386 3658 cum
1401 3587 1500 3658 dixit
1516 3592 1659 3680 :ll’arerr

620 3684 745 3777 ignotis
764 3686 828 3752 illis
840 3714 852 3764 ‚·
865 3680 1006 3759 alteram
1019 3705 1085 3779 pro
1105 3682 1311 3757 liberatione
1325 3707 1343 3756 a
1358 3705 1483 3758 morte
1497 3735 1504 3750 ·
1519 3707 1603 3760 cum
1616 3681 1660 3754 di·

580 3829 584 3833 -
618 3787 698 3870 xlt3
718 3788 808 3850 Deris
831 3806 939 3863 meus,
965 3787 1054 3851 Deus
1070 3806 1155 3850 meur
1175 3837 1185 3867 ‚
1204 3786 1338 3873 utquid
1365 3784 1575 3875 dereliquisti
1590 3782 1658 3850 raes

618 3868 777 3957 Tertiam
791 3896 858 3975 pto
869 3880 1059 3976 adeptione
1080 3882 1224 3977 gloriae,
1246 3904 1329 3956 cum
1355 3881 1450 3956 dixit
1476 3908 1485 3957 r
1513 3885 1656 3951 Pateria

617 4003 732 4051 manas
759 4002 831 4049 ruas
855 3988 1036 4049 comrrrendo
1051 3985 1206 4065 spiritam
1229 4007 1342 4054 arreum.
1374 3981 1466 4055 Non
1484 3986 1585 4080 quod
1599 3981 1654 4056 istis

618 4082 735 4157 verbis
752 4082 875 4156 anima
892 4080 1043 4177 gloriam
1062 4080 1121 4155 srbi
1145 4081 1355 4166 pullularet,
1373 4105 1485 4175 quam
1508 4107 1528 4156 a
1550 4087 1654 4178 primo

617 4184 866 4274 conceptionis
899 4181 1039 4257 instanti
1060 4184 1207 4275 adeptus
1234 4197 1323 4264 erat,
1341 4179 1398 4253 sed
1412 4187 1518 4276 quod
1540 4186 1576 4256 ia
1590 4203 1656 4278 per·

504 4310 507 4318 ·
616 4278 701 4354 sona
734 4281 876 4355 suorum
910 4280 1092 4378 loquens.
1123 4280 1327 4375 exemplum
1346 4281 1557 4376 postulandi
1589 4281 1653 4365 ,b

616 4376 714 4476 spem
725 4379 933 4471 adipiscendi
955 4383 1057 4454 nobis
1083 4377 1191 4459 daret.
1220 4377 1315 4455 Hinc
1334 4398 1366 4444 s·
1391 4389 1530 4472 frugali.
1566 4379 1653 4456 Emn

617 4481 652 4550 a.
667 4483 700 4553 in
717 4476 835 4552 Psalm.
866 4499 921 4567 30.
949 4479 1024 4553 haec
1045 4480 1219 4573 polirema
1247 4477 1374 4555 Christi
1404 4485 1517 4556 verba
1554 4481 1654 4575 expli·

496 4630 501 4635 .
618 4600 701 4654 calls
728 4594 738 4646 t
766 4576 1070 4673 l'ocemsinquit)
1095 4581 1246 4669 corporis
1271 4584 1305 4645 r'rr
1329 4580 1363 4663 se
1387 4576 1653 4673 transfiguravit.

618 4676 693 4753 Cur
724 4693 841 4753 autem
867 4702 939 4752 noo
961 4677 1037 4753 lraec
1060 4680 1164 4752 verba
1185 4691 1196 4756 t
1229 4686 1288 4746 Per
1317 4699 1411 4768 quem
1427 4683 1507 4748 liare
1531 4683 1652 4752 uranias

617 4780 784 4861 Domine,
794 4780 917 4867 semper
935 4773 1015 4845 smmi
1041 4801 1150 4859 creas,
1174 4777 1229 4851 sed
1254 4776 1297 4852 ad
1316 4769 1523 4875 sequentia:
1541 4776 1654 4848 Sanslio

613 4868 719 4961 ficar,
735 4873 892 4961 vivificas
912 4931 923 4962 ‚
945 4873 1125 4962 benedicis,
1145 4876 1282 4972 fignum
1318 4875 1446 4954 Crucis
1479 4880 1542 4955 liar
1566 4879 1654 4972 supet

617 4977 757 5050 oblata,
784 4978 1147 5074 explicaturum„
1189 4974 1375 5072 Opusculo
1400 4992 1461 5062 18.
1484 5003 1566 5077 quo
1582 4975 1653 5055 lllis·

264 5128 266 5132 Α
612 5074 658 5148 sae
679 5075 937 5171 expositionem
965 5078 1195 5176 prosequitur.
1215 5130 1276 5166 ‚‚„.
1299 5074 1384 5151 llaec
1397 5079 1449 5153 est
1468 5080 1572 5155 caula
1585 5083 1603 5172 (
1612 5083 1654 5145 ir·

325 5216 488 5441 q
616 5178 686 5263 quir
706 5170 722 5268 )
743 5181 823 5274 quia
840 5175 994 5256 humana
1016 5195 1138 5255 natura
1162 5199 1207 5251 ex
1228 5178 1316 5253 statu
1352 5178 1510 5272 prilb'nae
1539 5179 1655 5254 condi·

489 5336 493 5343 .
907 5294 918 5353 ς
1507 5281 1616 5355 tionis
