3892 6434
484 945 555 1038 De
581 865 851 1039 sacramento
878 939 1156 1042 Eucharistiae,
1278 973 1354 1056 351

298 1200 301 1207 .
358 1117 529 1202 Rationes
555 1132 703 1200 autem,
728 1112 858 1218 quibus
880 1110 1029 1197 adduiia
1054 1074 1301 1208 est'Eccrena,
1318 1134 1360 1202 ut
1406 1110 1558 1184 ¹²5⁰&
1639 1179 1641 1183 ,

307 1223 402 1302 hanc
423 1221 484 1298 sub
501 1220 607 1298 altera
619 1216 732 1317 lpecie
751 1215 1045 1296 communicandi
1064 1218 1358 1300 consuetudinem
1387 1189 1561 1338 Lioeluffl
1634 1252 1636 1257 ·
1666 1296 1670 1303 ,

308 1347 386 1402 non
417 1319 530 1397 solum
554 1316 792 1418 approbaret.
813 1318 870 1393 led
899 1319 1004 1394 etiarn
1033 1316 1180 1398 Decreti
1207 1322 1357 1401 aunon.
1386 1344 1425 1408 de
1469 1345 1558 1412 com.

308 1438 381 1502 tate
405 1417 584 1503 firmaret,
604 1415 746 1503 Concil.
769 1414 974 1496 Tridentini
996 1415 1236 1499 catechismus
1258 1423 1359 1500 hunc
1388 1420 1530 1518 mamona

306 1527 346 1602 in
374 1512 525 1597 modum
547 1520 713 1615 exponit.
991 1617 999 1634 ⁸
1385 1495 1557 1653 &¹²⁸²

358 1617 474 1699 Prima
502 1617 553 1695 est
573 1616 770 1715 periculum
796 1617 1031 1695 irreverentia
1054 1640 1138 1720 erga
1159 1616 1220 1699 SS·
1238 1617 1360 1701 sacra-

307 1736 484 1800 mentum.
511 1717 671 1794 Maxime
692 1720 788 1793 enirn
814 1716 1014 1796 cavendum
1033 1734 1107 1797 erat
1122 1766 1133 1796 ‚
1149 1743 1194 1796 ne
1209 1717 1361 1817 Sangui·

307 1820 462 1901 Domini
483 1822 659 1933 interram
679 1815 909 1936 funderetur3
927 1816 1028 1917 quod
1046 1818 1197 1994 guidem
1219 1817 1362 1937 difficile

307 1914 1040 2115 {iiiiiilitltuitniissui
1061 1919 1363 2129 illiniti:

307 2124 366 2198 tiae
392 2120 590 2217 periculum
611 2119 798 2210 nonulpnus
828 2119 944 2194 Abbas
976 2123 1010 2188 S.
1024 2105 1211 2206 Troianis,
1230 2119 1293 2221 qui
1308 2118 1359 2196 ei·

307 2223 412 2296 vebat
433 2217 571 2294 Saeculo
588 2215 806 2293 duodecimo
826 2214 1161 2306 ineunte,Calicern
1174 2215 1287 2299 Laicis
1304 2241 1362 2299 te·
1453 2254 1457 2261 ·

306 2322 447 2398 moveri
475 2316 594 2393 suadet
614 2315 668 2392 his
692 2313 882 2395 Verlibus:

422 2418 515 2501 Hic,
529 2418 572 2488 (a
590 2411 638 2485 ibi
657 2435 749 2487 cante
768 2410 858 2504 fiat,
874 2437 914 2487 ne
934 2411 1106 2510 Presbyter
1131 2421 1245 2516 egris,
1325 2445 1327 2447 ·

389 2597 391 2600 ¹
420 2522 496 2591 Aut
511 2517 601 2603 sanis
618 2513 747 2587 tribuat
760 2520 874 2591 Laicis
899 2521 938 2587 de
965 2521 1126 2612 Sanguine
1139 2518 1260 2602 coristi
1270 2544 1282 2600 ς

319 2628 322 2632 ‘
421 2619 519 2690 Nam
532 2613 634 2708 fundi
651 2610 751 2711 poffer
771 2615 897 2688 leviter
907 2647 921 2700 ‚·
933 2613 1132 2714 fimplexque
1147 2639 1307 2716 putaret,
1356 2675 1358 2681 -

319 2738 322 2743 ·
424 2716 531 2814 Qud
550 2740 611 2787 non
623 2712 683 2802 iub
694 2719 794 2812 {pecie
802 2715 849 2805 fit
864 2735 955 2790 totus
975 2719 1306 2815 JESUSntraqee.

358 2813 429 2920 Hic
455 2817 532 2895 ulus
554 2817 741 2912 prevalere
764 2831 926 2917 coeperat
943 2821 1036 2896 circa
1058 2816 1216 2899 medium
1228 2820 1356 2905 Saeculi·

308 2915 535 3002 duodecimi,
557 2936 597 2995 ut
616 2917 736 2994 consta
791 2940 818 2992 x
840 2914 984 2988 lieberto
1004 2918 1093 2989 Pullo
1114 2918 1148 2997 S,
1162 2919 1204 2999 R.
1216 2919 1255 3000 Ε.
1268 2920 1355 2999 car.

308 3017 415 3094 dinali
429 3072 440 3105 ,
454 3019 716 3102 Sententiarum,
796 3030 822 3092 t.
843 3028 877 3105 8·
899 3041 976 3114 cap.
991 3037 1023 3106 3.
1045 3045 1101 3112 „',‚
1126 3018 1246 3098 Primo
1262 3020 1356 3100 Cur·

309 3140 376 3216 pus
390 3120 523 3212 linquit
538 3123 552 3202 )
568 3117 687 3215 postea
703 3115 889 3215 Sanguisa
915 3115 1127 3221 presbyteris
1146 3121 1196 3198 est
1214 3118 1356 3199 iumen·

309 3216 386 3292 dus.
415 3218 591 3296 institutio
610 3216 738 3297 Christi
763 3213 933 3294 mutanda
980 3240 1057 3294 non
1087 3218 1188 3298 est...
1213 3218 1355 3302 Verum

337 3314 489 3395 ualitera
511 3315 623 3395 Laicis
652 3313 865 3418 Eucharistia
890 3316 979 3394 sumi
1008 3317 1153 3396 deberet
1176 3368 1188 3404 ι
1209 3320 1356 3420 Sponlae

309 3338 375 3493 Luae
398 3417 578 3495 commitit
607 3418 774 3512 jndici03
800 3418 902 3513 cujus
922 3414 1072 3495 conlilio
1093 3473 1105 3507 ,
1127 3421 1165 3496 de
1192 3421 1254 3500 niu
1275 3424 1357 3521 pul·

310 3514 396 3592 chre
436 3515 477 3593 llt
515 3566 526 3602 ,
565 3533 606 3595 ut
653 3515 747 3595 Caro
792 3512 920 3594 Christi
965 3514 1082 3595 laicis
1115 3517 1353 3606 distribuatur.

308 3615 491 3695 Nimirum
516 3614 734 3712 [periculose
780 3613 881 3693 fieret
912 3664 922 3696 ‚
956 3633 999 3695 ut
1030 3615 1180 3716 Sanguis
1217 3622 1280 3699 sub
1314 3622 1357 3701 li.

310 3717 417 3818 quida
436 3715 548 3812 specie
568 3716 786 3793 multitudini
805 3715 976 3794 Fidelium
995 3719 1031 3792 in
1054 3715 1202 3798 Ecclelia
1221 3719 1358 3801 diride-

308 3829 435 3896 retutt
467 3815 577 3913 longe
600 3813 874 3915 periculofiurli
899 3815 1046 3894 infirmis
1064 3841 1129 3915 pet
1149 3819 1367 3903 Parochiam'

311 3913 505 3991 deferretur
530 3970 552 4008 ‚‚
565 3962 602 4008 „.
629 3912 717 3991 ilios
736 3914 798 3991 rste
821 3913 942 4014 paillm
962 3933 1126 4016 receptur
1148 3921 1221 3999 erat
1237 3923 1360 4002 Saecu-

309 4013 347 4088 lo
369 4013 648 4098 decimotertio,
665 4013 956 4090 testealexandro
980 4014 1091 4103 Aleti
1115 4020 1202 4113 ιώ,
1223 4019 1358 4099 Dicen·
1650 4070 1655 4093 .

308 4113 396 4189 dum
412 4111 549 4212 (inquit
561 4119 579 4200 )
591 4113 692 4213 quod
707 4116 790 4217 quia
802 4111 961 4194 Christus
979 4119 1118 4217 integre
1135 4118 1284 4198 sumitur
1295 4119 1357 4200 frib
1479 4167 1482 4184 ,.
1556 4172 1558 4177 -

310 4228 460 4312 utraque
481 4214 612 4314 specie,
627 4216 718 4292 bene
736 4216 819 4294 licet
839 4212 975 4294 sumere
992 4216 1135 4321 Corpus
1153 4211 1280 4297 Christi
1294 4216 1358 4299 sub

309 4311 423 4406 specie
443 4318 541 4411 panis
552 4329 713 4401 tantum,
733 4313 822 4393 licut
843 4315 914 4392 fere
934 4317 1068 4418 ubique
1082 4314 1122 4392 lit
1144 4341 1163 4394 a
1182 4319 1294 4400 Laicis
1316 4323 1357 4400 in

308 4407 463 4507 Ecclesia
484 4468 507 4506 ,‚
520 4463 553 4507 „·
581 4412 678 4492 uxr.
701 4412 827 4489 rnna
848 4432 880 4511 3.
906 4408 1356 4516 partquaeit.uo.art.12.

308 4566 365 4605 „„
394 4509 498 4590 Circa
516 4513 614 4591 usum
636 4508 804 4610 (inquit)
830 4513 934 4615 hujus
950 4514 1165 4592 Sacramenti
1185 4516 1261 4594 duo
1276 4517 1358 4616 pos·

308 4610 390 4690 lunt
423 4611 656 4696 considerant
670 4638 783 4693 unum
805 4638 851 4694 ex
873 4631 971 4715 parte
993 4613 1097 4715 ipius
1116 4615 1355 4702 sacramenti,

308 4709 404 4788 aliud
425 4736 471 4789 ex
499 4731 597 4808 parte
630 4711 844 4794 sumentium
887 4716 939 4793 Ex
956 4728 1056 4815 parte
1076 4716 1222 4814 quidem
1248 4717 1365 4819 ipiiuc

308 4805 530 4888 sacramenti
550 4815 722 4892 convenit
742 4867 753 4901 ‚
775 4814 876 4912 quod
897 4813 1268 4916 utrumque'iumatur
1292 4818 1357 4900 ici·

308 4909 394 5000 licet
411 4913 582 5014 Corpus,
602 4910 924 5017 &Sanguntquia
952 4915 992 4995 in
1019 4915 1176 5019 utroque
1200 4916 1358 5008 ctlnlillit

688 5056 693 5068 t
1244 5041 1325 5117 per·
