3892 6434
461 900 536 995 De
560 896 830 1003 Sacramenta
858 874 1136 995 Eucharistiae.
1268 908 1346 987 rm

289 1074 542 1157 metiamtur
554 1098 683 1173 mappa
698 1076 829 1162 nitida,
849 1088 1110 1175 appareturque
1122 1091 1251 1153 cruce,
1266 1066 1352 1145 alia·

294 1201 345 1255 ve
368 1172 485 1273 effigie
503 1175 622 1264 sacra,
645 1178 890 1259 candelabris,
918 1178 953 1253 dr
980 1176 1133 1253 candelis
1156 1169 1275 1247 saltem
1298 1169 1352 1244 bi-

297 1282 369 1356 nin
392 1274 435 1352 ln
453 1296 526 1375 qna
544 1274 662 1353 mensa
678 1275 780 1373 super
796 1275 986 1373 Corporali
1004 1274 1099 1352 Pixlr
1117 1292 1200 1351 cum
1220 1268 1280 1349 SS·
1291 1267 1353 1345 Sa·

299 1392 486 1455 eramento
508 1375 757 1454 collocabitur.
786 1380 840 1456 Sit
865 1395 1030 1474 praeterea
1056 1398 1114 1451 vas
1131 1374 1281 1447 vitreum
1305 1365 1351 1443 ad

299 1476 491 1554 ablutionis
511 1474 625 1553 usum
652 1476 791 1569 Q1iob
809 1477 997 1573 egestatem
1010 1474 1045 1551 id
1062 1476 1177 1550 minus
1192 1469 1352 1569 praestare

302 1574 576 1677 pollent,cutet
590 1572 771 1653 Patochus
781 1580 895 1674 juvari
914 1600 932 1652 a
949 1574 1199 1653 Confratribus
1216 1570 1277 1650 SS.
1288 1569 1351 1645 Sa·

299 1679 486 1755 cmmentl.
517 1674 613 1753 Cum
638 1676 817 1754 Parocbus
838 1674 976 1753 acreffir
997 1675 1041 1751 ad
1062 1668 1352 1767 aegrotumdui-

299 1774 580 1877 gentervidmt,
601 1774 654 1863 (li
670 1779 812 1875 quidem
832 1780 986 1875 graviter
1007 1770 1170 1860 laborat)
1195 1794 1240 1848 an
1262 1772 1354 1845 inm

299 1902 371 1975 gro
398 1874 498 1952 l'enl'u
517 1873 581 1958 uer
607 1899 650 1952 an
675 1881 759 1952 item
796 1880 994 1975 periculum
1015 1870 1131 1953 tusus.
1150 1884 1211 1949 aut
1235 1872 1352 1947 vomi·-

300 1996 384 2069 tus;
416 1972 552 2051 fitunc
573 1997 647 2052 uon
671 1978 786 2071 potest
811 1976 976 2056 sumere,
1001 1971 1223 2057 necessitate,
1246 1974 1354 2068 vique

299 2077 486 2174 repentina
503 2079 620 2151 morbi
639 2076 846 2179 impeditum
871 2076 1129 2175 aliquantulum
1157 2070 1354 2147 morabitur

301 2174 509 2260 Parocbus,
529 2176 689 2277 dumque
711 2179 746 2252 in
767 2201 868 2254 mora
889 2179 961 2253 est,
980 2175 1053 2273 ipse
1065 2220 1077 2259 ‚
1100 2174 1137 2249 br
1161 2170 1286 2271 reliqui
1301 2165 1356 2245 Fr·

301 2280 401 2353 delet
423 2278 574 2371 genibus
594 2272 695 2351 flexis
715 2299 837 2353 coram
861 2277 922 2354 881
932 2276 1163 2354 Sacramento
1183 2274 1352 2348 orabunt.

302 2381 355 2455 alt
381 2398 468 2451 vero
492 2373 518 2449 sa
540 2375 734 2470 perseveret
756 2378 1083 2474 impedimentum,
1104 2370 1190 2451 illud
1207 2392 1356 2547 ⁸propo·

303 2492 369 2553 net
392 2480 426 2550 ei
451 2475 695 2561 adorandum,
726 2475 752 2551 sa
777 2477 891 2553 modo
913 2491 1070 2574 aegrotus
1092 2478 1138 2551 ita
1160 2471 1203 2547 de
1219 2473 1354 2560 rdetetl

304 2579 346 2651 da
369 2579 545 2672 impertita
565 2577 596 2648 ei
615 2575 727 2672 figura
747 2581 860 2654 crucis
881 2578 1148 2659 benedrumne,
1171 2597 1255 2651 cum
1279 2570 1354 2668 ipso

305 2676 539 2753 Sacramento
552 2672 714 2752 discedet
746 2676 882 2753 Eodem
897 2679 1010 2752 modo
1030 2692 1130 2750 oret.
1150 2688 1354 2771 proponat,

306 2780 345 2852 dr
366 2774 574 2860 benedioat,
595 2774 642 2861 ss,
667 2794 751 2853 cum
774 2778 927 2861 venerit,
950 2778 994 2850 ab
1016 2777 1117 2848 initio
1140 2773 1264 2848 viderit
1278 2772 1356 2847 fieri

307 2900 387 2953 non
411 2870 534 2973 polle,
552 2890 594 2951 ut
613 2894 769 2972 aegrotus
789 2876 920 2969 suntat3
943 2874 999 2951 sed
1023 2897 1068 2949 ne
1084 2871 1216 2948 deferat
1236 2888 1357 2946 tamen

308 2998 471 3075 unquam
497 2973 544 3051 ad
564 2998 671 3061 eum,
688 2997 795 3074 quem
822 2975 957 3052 sumere
982 2997 1056 3049 non
1075 2967 1172 3069 polle
1192 2982 1274 3047 ante
1289 2992 1359 3045 noa

308 3095 412 3151 verit.
440 3074 476 3150 Si
498 3076 766 3153 auremi'umere
791 3079 933 3170 potest,-
957 3074 1134 3150 Parocbus
1157 3070 1256 3147 illum
1283 3066 1359 3148 suas

308 3180 402 3255 viter
420 3175 648 3270 alloquetur3
674 3179 711 3251 dr
729 3193 880 3273 quaeret,
892 3198 935 3252 an
956 3175 1087 3273 aliquid
1099 3170 1140 3248 sat
1157 3174 1359 3273 reliquum·
1513 3226 1523 3255 ,

309 3271 415 3375 quod
431 3276 596 3351 confiteri
621 3268 725 3364 velit3
751 3289 909 3376 tuncque
933 3277 1080 3351 libenter
1097 3292 1181 3350 eum
1209 3272 1358 3359 audieta

311 3381 350 3452 dr
367 3376 550 3455 absolvere
581 3378 885 3476 interrogabitque
911 3381 1041 3453 etiam·
1065 3400 1110 3451 an
1137 3372 1197 3453 88.
1215 3371 1360 3470 Corpul

310 3473 466 3557 Domini
479 3476 617 3551 sumere
630 3477 736 3569 velit5
756 3479 792 3552 ἃ
814 3477 837 3552 li
858 3502 927 3577 pro
948 3475 1090 3553 Viatico
1110 3473 1268 3551 dandum
1295 3471 1362 3553 llte
1398 3502 1402 3514 ·

311 3578 351 3653 id
369 3599 518 3674 quoque
542 3579 741 3668 exprimeta
770 3577 814 3653 ad
841 3578 940 3675 quod
972 3581 1058 3673 pie,
1078 3569 1282 3674 devoteque
1307 3574 1362 3651 l'uae

312 3679 490 3753 mendum
515 3681 634 3772 paucis
656 3681 768 3752 verbis
790 3677 1031 3756 inflammabitr
1114 3754 1117 3761 ,
1349 3680 1351 3685 ’

365 3778 569 3874 Siquando
589 3774 661 3850 fine
680 3777 771 3852 sacru
786 3773 910 3855 Hoilia
933 3777 1082 3859 redibit.
1106 3760 1286 3851 Parocltus'
1302 3784 1368 3850 ana
1400 3790 1402 3795 '

314 3890 463 3974 tequam
485 3876 600 3952 domo
621 3881 747 3972 aegroti
772 3878 951 3957 abscedat,
967 3875 1100 3951 lumina
1124 3877 1286 3973 extingui
1307 3877 1367 3971 ju⁴

314 3976 442 4055 bebrt.
464 3976 927 4063 stolam‚,tint1nnabuluna‚
955 3976 1145 4053 umbellam
1167 3994 1242 4050 non
1263 3975 1366 4050 adhls

317 4080 446 4162 benit,
469 4077 628 4175 pixidem
650 4079 765 4172 palam
792 4101 866 4153 non
890 4078 1034 4153 deseret-

371 4176 630 4252 Lohortabitur
649 4186 848 4274 agrorum,
872 4195 911 4254 ut
933 4176 966 4253 S.
981 4162 1289 4255 Communionem
1309 4169 1365 4245 ius

316 4296 423 4357 mat,
449 4278 581 4352 etiamli
605 4283 759 4370 graviter
787 4300 861 4353 noo
887 4293 1063 4375 aegrotem
1083 4276 1238 4352 maxime
1262 4268 1367 4345 sabea

317 4379 361 4452 sti
384 4380 530 4472 alicujus
555 4379 735 4452 celebritas
765 4378 801 4453 id
826 4376 996 4471 suadeat3
1022 4370 1234 4474 nequeipse
1264 4369 1368 4444 minis

318 4481 427 4555 strare
450 4480 618 4554 rouul'abit
641 4479 761 4572 l'aepiua
783 4481 818 4553 in
841 4477 963 4554 eadem
994 4476 1198 4553 infirmitate
1219 4486 1286 4568 pro
1305 4467 1370 4544 de·

318 4583 494 4663 votione,
516 4583 551 4652 br
576 4577 747 4653 desiderio
767 4580 913 4676 aegroti}
936 4578 1122 4673 praelertim
1141 4571 1164 4647 li
1180 4570 1255 4646 ule.
1281 4584 1368 4645 cum

320 4680 437 4764 valet,
459 4679 547 4754 l'olet
573 4680 884 4778 frequentarunt
909 4683 946 4755 in
965 4676 1135 4758 Concilio
1157 4669 1368 4750 Provinciali

321 4777 631 4869 illediolanenfi4.
658 4780 827 4858 statutum
854 4774 918 4862 est.

286 4938 290 4949 .
373 4884 470 4955 fon.
494 4887 565 4959 ιιι.
855 4875 893 4954 ll
1250 4855 1324 4953 Pro
