3892 6434
484 910 556 1005 De
583 908 854 1039 sacramento
881 899 1158 1011 Eucharistiae.
1281 918 1364 1032 '177'

308 1073 485 1165 Salratnti
518 1084 643 1161 nostro
663 1084 840 1161 adhaerere
866 1131 877 1169 ,
898 1070 1088 1185 gelliahrus
1107 1114 1119 1183 ;
1140 1085 1241 1175 lide,
1272 1090 1361 1190 spe,

267 1207 270 1211 ·
310 1187 502 1270 charitate,
517 1183 734 1272 humilitate,
760 1186 889 1284 quibus
913 1190 1059 1264 interior
1084 1191 1247 1268 adoratio
1272 1216 1365 1269 cona

311 1285 528 1383 liat,ipsum
553 1285 736 1366 colamusr
754 1289 1003 1383 internamque
1024 1288 1270 1368 adorationem
1299 1316 1362 1370 exe

311 1390 424 1463 ternis
443 1390 547 1462 etiam
565 1383 690 1479 ssgrris,
714 1389 910 1462 nudatione
926 1388 1057 1464 scilicet
1081 1394 1226 1487 eapitis,
1245 1417 1363 1490 genu-

311 1484 528 1562 flexionibus
541 1484 770 1568 ,accensione
785 1509 970 1562 cereorum
987 1487 1123 1565 ‚thuris
1142 1493 1359 1587 iragrantia,
1468 1504 1479 1528 ’·

311 1585 493 1686 totiusque
507 1590 669 1678 corporis
691 1584 813 1663 habitu
834 1586 877 1662 ad
899 1591 1086 1683 pietatem,
1101 1590 1136 1662 δι
1151 1590 1360 1670 modestiam

312 1686 545 1782 compositos
564 1685 800 1783 fignificemut
818 1702 828 1766 t
847 1689 1039 1767 Auliorem
1068 1684 1179 1764 salutis
1207 1695 1361 1779 nolirae,
1401 1776 1404 1780 ³

311 1788 349 1862 δι
366 1787 694 1863 consummatorem
707 1786 826 1881 jelom
847 1845 856 1873 ,
876 1790 936 1886 qui
954 1786 1240 1866 Tabernaculunr
1254 1791 1359 1870 suum

309 1887 347 1961 ln
373 1887 446 1962 sole
465 1885 806 1983 posuitsCorpnrm
825 1887 1027 1984 Sanguine,
1056 1893 1201 1970 Anima,
1219 1889 1362 1989 Divini-

307 1996 402 2078 tate3
416 1990 451 2061 io
467 1987 660 2063 admirabili
674 1990 903 2064 §aeramento
920 1987 1125 2084 presentem
1148 1989 1261 2066 oculIs
1274 1991 1357 2067 fidei

306 2085 512 2181 aspicientes
530 2125 541 2169 r
562 2085 790 2185 orantesque,
805 2105 845 2164 ut
866 2092 928 2189 qui
956 2087 1021 2163 sese
1053 2087 1151 2164 dedit
1164 2106 1238 2188 'pro
1255 2094 1357 2167 nobis

307 2188 345 2262 ln
366 2188 539 2282 pretium,
554 2190 749 2283 tribuitque
770 2186 803 2262 se
826 2192 931 2263 nobis
952 2189 988 2262 in
1003 2191 1173 2286 pabulum
1188 2236 1195 2262 2
1211 2193 1365 2281 tandem·

305 2286 390 2383 post
408 2286 512 2382 hujus
529 2289 609 2365 ritae
625 2287 841 2365 curriculum
853 2287 885 2363 se
902 2288 1006 2364 nobit
1031 2292 1067 2364 in
1082 2291 1267 2390 premium
1287 2290 1357 2366 lars

333 2389 434 2462 iatur.
847 2431 849 2435 .
1265 2422 1267 2427 ·

303 2408 332 2487 g
362 2481 517 2562 Pastores
545 2497 659 2585 porro
690 2475 916 2564 christianum
955 2477 1132 2584 populum
1150 2482 1355 2565 salutaribus

305 2589 456 2662 monitis
484 2584 616 2662 hortari
639 2585 770 2663 debent
791 2587 834 2661 ad
866 2589 992 2664 lelium
1007 2587 1182 2685 Corporis
1200 2588 1328 2664 Christi
1342 2618 1361 2670 s·

306 2711 379 2786 qua
401 2700 463 2785 par
485 2686 533 2762 est
555 2689 728 2783 religione
748 2687 964 2770 colendum,
991 2686 1102 2785 utque
1128 2745 1150 2779 „
1164 2738 1185 2780 „
1214 2684 1277 2764 Per
1294 2711 1357 2763 ve·

304 2800 404 2862 tarn,
423 2788 458 2860 ἃ
480 2800 604 2884 puram
630 2783 896 2863 Conselironenr
922 2786 1255 2885 ,eleemosynarum
1289 2789 1354 2862 lara

304 2890 687 2984 gitionem,attentas,
721 2888 757 2961 dt
783 2883 914 2961 sedulas
939 2889 1119 2961 orationes
1144 2890 1179 2961 &
1205 2888 1268 2962 alia
1291 2891 1355 2962 de·

306 2990 488 3071 sunonis,
514 2989 550 3061 δι
573 2989 712 3081 pietatis
740 3007 847 3082 opera
876 2991 923 3061 lta
947 2986 979 3061 l'e
995 2989 1155 3062 iludeant
1179 3002 1353 3085 preparas

304 3104 365 3171 te,
397 3107 436 3164 ut
454 3085 558 3180 hujus
579 3082 809 3185 pretiosissimi
828 3083 1044 3161 Sacramenti
1064 3103 1262 3163 mereantur
1277 3080 1352 3162 lie'rl

304 3191 490 3287 participes
509 3187 563 3262 illa
588 3188 644 3262 die
669 3183 899 3283 ,possintque
922 3185 1035 3283 ipsum
1062 3185 1229 3281 suscipere
1251 3207 1353 3265 reve*

303 3305 459 3374 tenter,
481 3311 523 3364 ac
544 3288 619 3380 elur
651 3289 780 3362 virtute
802 3303 1037 3382 augmentum
1067 3287 1236 3385 consequi
1269 3291 1363 3385 gra·¹
1491 3320 1497 3334 ·

303 3391 430 3465 tiarum
458 3437 513 3480 ,,,,
542 3383 616 3482 (ut
637 3380 742 3462 habet
762 3379 1017 3465 Clementinat
1053 3392 1089 3455 Si
1112 3393 1304 3480 Dominam.
1332 3388 1350 3468 )

303 3484 467 3584 ipsorum
489 3494 595 3563 eriam
611 3494 776 3580 pietatem
798 3487 993 3563 accendant
1017 3483 1059 3561 ad
1082 3486 1350 3586 consequendas

303 3586 546 3683 Indulgentiae
571 3636 581 3673 ,
611 3611 697 3685 quas
727 3587 852 3664 summi
888 3585 1078 3663 Pontifices
1099 3585 1249 3660 Urbanus
1285 3589 1350 3660 ilfi

302 3694 458 3761 clement,
474 3684 525 3781 V,
538 3691 641 3760 Marc.
659 3685 748 3760 14&
766 3689 927 3780 fingenius
947 3690 1010 3757 IV,
1025 3693 1271 3781 impertierunt
1285 3692 1351 3772 iis,

302 3788 365 3887 qui
387 3779 627 3864 Ecclesiasticis
652 3783 814 3874 Officiis,
840 3776 1209 3864 &lolemnllilillaein
1229 3784 1350 3884 hujriss

302 3887 403 3962 modi
438 3886 526 3964 fello
564 3889 601 3962 &
623 3911 684 3979 per
698 3885 1104 3982 Otiataslnteriuerint‚
1118 3893 1178 3985 qui
1193 3893 1226 3963 in
1242 3890 1347 3986 ipllui

301 3987 542 4066 solemnitatis
562 3985 749 4086 Pervigillo
768 3989 1029 4083 jejunaverint,
1053 3991 1087 4061 ἃ
1109 3989 1184 4084 ipso
1212 3987 1268 4062 die
1284 3988 1344 4067 §Sa

300 4083 572 4163 Sacramentum
595 4090 630 4160 in
650 4088 789 4183 publica
816 4088 1096 4186 supplicatione,
1118 4088 1174 4164 seu
1205 4083 1350 4185 Procesa

298 4185 398 4264 srone
425 4186 737 4282 circumgestatum
756 4190 814 4286 pie
845 4189 952 4262 secuti
983 4187 1141 4271 fuerint,
1167 4185 1204 4263 dt
1228 4189 1271 4261 ad
1296 4188 1348 4262 saa

299 4311 397 4363 cram
420 4285 729 4363 Communiunem
767 4278 980 4364 accesserint·
1018 4278 1278 4363 Proeelstonem
1304 4285 1348 4360 ila

298 4384 368 4462 lam
392 4387 584 4462 solemnem
618 4390 749 4457 Divina
778 4388 993 4477 inspiratione
1017 4385 1274 4477 intromiserim,
1298 4392 1347 4462 ull

298 4481 416 4564 Cone.
442 4484 645 4564 Senoncnle
667 4503 764 4562 anno
794 4492 900 4578 1326,
937 4482 1165 4575 celebratum,
1208 4474 1268 4562 De
1289 4485 1346 4563 hit

297 4588 336 4662 δι
366 4585 571 4665 Concilium
594 4587 859 4665 Mediolanenses
889 4604 928 4669 4·
953 4588 1017 4665 sub
1046 4594 1080 4670 S,
1114 4589 1230 4656 carolo
1259 4589 1346 4659 Bora

294 4709 423 4768 roman,

294 4828 297 4833 >
350 4785 389 4860 ln
421 4801 494 4864 tam
520 4783 611 4860 sacra
637 4802 748 4884 porro
776 4771 1059 4881 supplicatione,
1087 4775 1227 4889 aliisque
1256 4773 1344 4863 Pro·
1482 4775 1484 4779 ⁴

295 4884 530 4970 cessionibus,
554 4886 681 4976 ludos,
703 4883 873 4973 choreas,
899 4886 1114 4985 ipeilacula,
1138 4888 1285 4989 aliasque
1299 4889 1346 4964 rl·

346 4988 443 5060 Tem·
468 4990 539 5062 ΙΙΙ.
805 4983 851 5067 Μ
1162 4990 1294 5070 dicular
