3892 6434
403 1028 419 1053 e
536 946 606 1040 De
634 946 903 1037 Sacramento
931 941 1217 1043 Euchnistie·
1363 968 1411 1050 53

639 1115 982 1235 sursunt
1014 1113 1147 1197 vri.

364 1275 526 1438 Siqua
542 1271 714 1369 frumenta
729 1278 826 1364 sunt,
844 1297 911 1366 qua
933 1297 977 1346 ex
993 1274 1113 1364 semine
1133 1274 1247 1345 tritici
1258 1272 1416 1365 generari
1538 1320 1540 1322 -

442 1377 568 1471 poffunt
594 1375 713 1464 (licut
735 1402 781 1454 ex
805 1400 920 1470 grano
943 1381 1051 1461 tritici
1073 1377 1242 1460 seminato
1262 1377 1296 1448 iu
1316 1371 1415 1463 malis
1444 1452 1446 1457 .

362 1483 462 1555 tetris
486 1478 636 1559 nascitur
648 1477 776 1575 siligo)
799 1474 1021 1567 confessura
1042 1480 1193 1573 iispam's
1215 1495 1355 1567 congrua
1371 1467 1416 1555 cll
1499 1472 1505 1481 ’

360 1579 570 1659 Eucharistia
595 1584 747 1660 materia,
1044 1600 1048 1637 ·.

407 1675 461 1759 Ita
476 1678 585 1764 ducet
599 1684 629 1754 S.
647 1677 710 1752 Th.
731 1698 764 1768 3·
777 1691 866 1774 part.
881 1701 942 1777 qu·
952 1697 1012 1769 74·
1026 1688 1091 1751 att.
1110 1673 1192 1764 aad
1206 1692 1238 1752 2.
1253 1676 1347 1778 Quia
1356 1673 1413 1758 so·

358 1777 404 1854 lis
426 1779 689 1863 accidentibus,
721 1802 795 1852 non
823 1778 935 1874 specie
958 1776 1129 1852 disserunt
1151 1799 1170 1849 a
1197 1780 1328 1856 trition.
1356 1774 1410 1859 sis

356 1877 476 1975 liginis
502 1881 667 1976 ambigua
693 1875 901 1974 fignificatio
927 1878 988 1950 ell-
1018 1874 1147 1952 Latinis
1170 1873 1412 1974 Scriptoribus
1518 1895 1520 1899 ’

356 1981 407 2053 est
427 1977 544 2053 lelesla
567 1978 682 2053 farinae
694 1975 844 2054 medulla
863 2001 907 2053 ex
920 1975 1052 2074 filigine
1071 1977 1238 2051 frumenti
1254 1980 1405 2074 genere,
1485 2054 1488 2058 ,

359 2076 407 2151 de
433 2102 508 2178 quo
533 2076 663 2154 Plinius
686 2076 744 2159 lib.
766 2093 820 2164 ιε.
845 2102 922 2175 cap·
938 2101 970 2163 s·
994 2082 1029 2152 dr
1053 2077 1088 2151 S·
1105 2072 1256 2152 isidorus
1275 2077 1406 2167 lib·17·

355 2199 436 2277 cap,
450 2197 481 2250 2.
513 2177 614 2271 Siligo
627 2200 729 2270 genus
748 2180 858 2247 tritici
876 2203 896 2245 a
904 2176 1021 2263 [eletio
1042 2174 1175 2263 dissum,
1205 2181 1252 2253 At
1271 2175 1404 2279 postte·
1418 2227 1448 2288 in
1472 2152 1587 2297 effi}

355 2283 407 2352 mi
430 2280 493 2352 aevi
510 2279 717 2359 Auctoribus
740 2276 922 2374 usurpatur
943 2300 1012 2374 pto
1028 2275 1149 2359 secali,
1168 2276 1280 2374 vulgo
1293 2276 1402 2363 dard.
1415 2307 1468 2368 rio.

352 2373 515 2458 Primum
543 2379 714 2453 duntaxat
745 2375 888 2489 filiginis
941 2402 1026 2462 enus
1050 2379 1215 2451 idoneam
1244 2371 1312 2452 else
1335 2350 1404 2468 lu
1493 2448 1498 2451 .

355 2475 527 2567 charilliae
555 2482 765 2559 materiam,
791 2480 895 2554 secun
926 2502 985 2554 uni
1015 2493 1172 2562 mentem
1197 2482 1229 2546 S.
1247 2474 1400 2556 Thema,-

356 2600 434 2658 non
457 2576 675 2675 postremum
702 2575 809 2653 illud,
833 2577 932 2673 quod
957 2581 1056 2672 grani
1074 2601 1187 2674 genus
1206 2576 1255 2653 est
1280 2579 1399 2654 tritico

354 2675 519 2770 inseriae,
533 2674 716 2771 Tlteologi
736 2700 811 2759 non
832 2677 1006 2772 ignobiles
1026 2677 1187 2769 ceul'ent3
1204 2680 1294 2753 inter
1311 2675 1397 2752 alios

354 2779 489 2868 sylvius
503 2777 775 2856 Commentario
793 2779 830 2849 in
849 2797 876 2859 3.
891 2795 980 2871 part.
1009 2773 1137 2860 Panem
1158 2774 1397 2869 hordeaceum

354 2878 512 2970 ineptam
531 2873 597 2950 esse
616 2873 835 2957 Eucharistiae
851 2874 1106 2955 consecrationi
1120 2879 1319 2960 materiam,
1335 2900 1397 2956 tte·-

353 2997 419 3052 mo
433 2973 708 3065 Tlreologrorum
724 2971 901 3051 diffitetur.
933 2971 991 3050 De
1006 2973 1110 3072 spelta
1123 2977 1179 3060 ,dt
1197 2973 1286 3049 farre
1300 2975 1399 3066 papl-

356 3073 396 3150 lo
417 3077 530 3172 major
552 3072 737 3159 difficultas
758 3076 817 3152 ell·
844 3072 897 3153 Ex
920 3077 960 3150 iis
991 3072 1121 3165 confici
1149 3072 1246 3170 posse
1264 3071 1400 3152 Eucha-

335 3175 482 3277 ristiam
512 3182 625 3244 Petrus
649 3199 669 3242 a
697 3174 840 3260 palude,
869 3177 905 3255 δι
935 3173 991 3260 alli
1022 3175 1167 3271 quidam
1200 3171 1404 3254 affirmant»

352 3274 561 3360 interdius
587 3270 697 3359 fillius
718 3276 752 3349 in
775 3293 809 3366 4,.
836 3273 994 3350 Sentent
1028 3275 1103 3355 dut
1121 3287 1156 3361 8.
1185 3282 1221 3367 §-
1239 3285 1273 3349 6.
1302 3273 1406 3353 dubi·

353 3385 433 3449 tant
452 3374 507 3448 alii
530 3391 570 3451 ut
590 3376 791 3459 ouranos,
817 3375 852 3449 &
876 3375 1016 3466 Major5
1036 3392 1142 3469 negat
1161 3381 1193 3458 S.
1207 3374 1269 3449 Tb.
1296 3396 1404 3471 quem

354 3473 517 3571 plerique
541 3475 596 3551 alii
622 3472 824 3574 sequuntur.
852 3530 874 3565 ,‚
893 3530 915 3564 „
943 3474 1145 3565 Similitudo
1172 3480 1257 3546 enim
1282 3474 1406 3566 figurae

352 3575 390 3650 io
428 3574 556 3655 talibus
589 3578 699 3669 magis
725 3572 864 3648 videtur
885 3571 1078 3669 significare
1098 3573 1405 3671 propinquitatem

356 3694 463 3770 quam
484 3673 702 3762 identitatem
719 3672 860 3769 speciei,
881 3673 967 3763 licut
982 3697 1028 3749 ex
1043 3672 1268 3765 ssmilitudine
1281 3671 1405 3770 ligure

353 3770 616 3858 manifestatur,
640 3774 739 3869 quod
768 3776 882 3852 canis,
908 3775 943 3847 δι
969 3772 1072 3868 lupus
1092 3771 1170 3850 sunt
1192 3776 1403 3872 propinquae

353 3869 503 3968 speciei,
527 3894 602 3945 non
626 3891 743 3951 autem
769 3871 932 3966 ejusdem
973 3871 1077 3950 Unde
1103 3898 1149 3964 ex
1176 3876 1301 3950 talibus
1329 3873 1404 3948 l'ru·

341 3971 507 4055 mentis.
532 3993 611 4069 quae
641 3970 740 4046 nullo
767 3974 881 4048 modo
905 3970 1050 4069 possunt
1073 3995 1117 4048 ex
1141 3971 1274 4055 semine
1295 3971 1403 4055 tritici
1491 4011 1494 4017 ·

357 4073 542 4164 generari,
570 4091 645 4144 uon
675 4071 790 4168 potest
818 4070 948 4147 confici
978 4075 1100 4168 panis,
1128 4074 1190 4169 qui
1218 4071 1259 4148 fit
1285 4071 1403 4148 debita

354 4171 498 4257 materia
516 4168 621 4268 hujus
643 4169 858 4247 Sacramenti
885 4221 951 4263 ,‚,‚·,
978 4170 1401 4267 S.Thoniaeopinionem

353 4264 542 4343 coufirmat
558 4275 700 4338 Hortum
712 4274 781 4338 ΙΙΙ·
801 4271 958 4350 Romani
971 4269 1149 4350 Pontificio
1161 4268 1402 4360 Responsum,

351 4367 399 4442 de
422 4390 495 4465 quo
519 4366 673 4453 Caesarius
696 4369 750 4445 lib.
766 4385 802 4460 9·
824 4365 976 4466 capdt.
1001 4426 1023 4462 υ
1040 4426 1061 4465 ,‚
1089 4369 1287 4467 Requisttus
1311 4366 1402 4464 Papa

351 4466 542 4549 Honorius
558 4466 707 4566 lllper
733 4469 861 4544 litteras
892 4469 1073 4563 cujusdam
1101 4474 1240 4545 illibatis
1263 4470 1399 4554 nostri,

350 4592 396 4647 an
421 4565 543 4644 hostiae
565 4593 611 4644 ex
641 4570 745 4668 l'pelta
769 4568 898 4649 confici
914 4567 1286 4666 pollent‚respondit:
1302 4570 1404 4665 Spel-

349 4680 425 4751 tam
460 4671 572 4766 magis
609 4675 784 4765 pertinere
811 4673 861 4743 'ad
896 4669 1071 4744 llordeum
1107 4693 1213 4768 quam
1241 4672 1284 4745 ad
1314 4671 1402 4763 triti·

350 4792 438 4844 cum
463 4824 484 4859 „
499 4824 534 4859 ,‚.
563 4765 662 4844 ldem
677 4770 904 4846 estodel'arre
926 4772 1120 4862 judicium,
1151 4770 1249 4866 qtrod
1274 4777 1304 4838 l.
1319 4774 1403 4838 Hee-

350 4888 507 4961 ronymrrs
525 4870 561 4945 in
582 4868 927 5057 pap,4lieerllr)iclr's‚
946 4893 965 4954 a
985 4869 1090 4966 spelta
1110 4893 1186 4959 nott
1209 4869 1403 5043 distissffiuit·

669 5006 673 5012 .
869 4988 895 5064 4
1323 4995 1350 5038 1,
