3892 6434
512 1004 517 1013 ¹
618 1028 634 1043 ια
970 1020 977 1031 “
1018 1000 1022 1005 Ι
1678 1020 1685 1041 b

500 1124 512 1146 ·
1594 1115 1596 1119 .

463 1244 468 1257 ’
586 1269 677 1382 'ud
786 1256 942 1359 Theoi
964 1260 1079 1373 neg„
1103 1262 1146 1376 u
1169 1254 1324 1351 nom.
1338 1259 1434 1358 nn.
1462 1261 1522 1354 11.
1638 1321 1642 1329 r

589 1436 695 1535 great,
724 1431 777 1513 lta
806 1428 953 1517 Gelassur
972 1433 1003 1504 1.
1024 1429 1087 1529 Ep.
1105 1453 1140 1520 9·
1161 1430 1205 1506 ad
1236 1429 1427 1532 Episcopos
1447 1432 1643 1526 Lucaniae,'

595 1560 672 1635 cap·
698 1546 757 1608 26.
781 1587 836 1626 ,‚‚‚
865 1530 1095 1628 impatienter
1109 1533 1327 1620 audirimus,
1343 1552 1481 1612 tantum
1506 1538 1648 1615 divina·

594 1653 808 1728 cumrerum
828 1627 961 1729 subjiffe
984 1629 1185 1727 deipedum
1200 1686 1210 1716 ,
1226 1652 1267 1707 ιιι
1282 1632 1431 1711 laeminae
1445 1635 1564 1712 Sacris
1583 1637 1644 1714 nl.

595 1741 678 1812 taric
704 1732 897 1809 ministrare
916 1730 1073 1806 ferantur
1089 1731 1150 1811 3&
1166 1730 1311 1817 cunda,
1327 1757 1407 1831 quae
1429 1735 1571 1812 nonniii
1592 1739 1648 1814 vi·

596 1856 721 1912 rorum
753 1830 936 1908 famulatui
958 1832 1127 1928 deputata
1160 1830 1268 1917 sunt,
1295 1831 1418 1909 sexum
1439 1889 1450 1921 ,
1475 1841 1536 1911 cui
1570 1858 1658 1942 non,

598 1935 794 2031 competit,
809 1931 976 2007 exhibere
1000 1984 1064 2022 ,‚‚‚.
1093 1926 1208 2006 Cone.
1223 1928 1299 2006 Par.
1310 1928 1343 2005 6.
1361 1933 1421 2010 lib.
1438 1950 1471 2009 1.
1485 1956 1565 2030 cap.
1579 1957 1644 2028 45.

455 2027 469 2050 ’
597 2085 652 2126 ,,,,
677 2032 853 2127 Quadam
892 2030 1097 2107 nostrorum
1126 2033 1285 2116 virorum
1310 2031 1421 2110 relatu
1444 2077 1457 2108 ι
1477 2036 1646 2132 quaedam

598 2138 704 2210 etiam
726 2131 799 2209 visu
818 2129 1006 2206 didicimus
1019 2184 1038 2216 ,,
1055 2130 1091 2202 in
1113 2128 1320 2226 quibusdam
1344 2133 1536 2230 provinciis
1556 2157 1649 2211 con·

598 2248 652 2311 tra
685 2233 801 2334 legem
823 2231 980 2306 divinam
1008 2277 1019 2311 ‚
1044 2232 1326 2328 canonicamque
1358 2232 1648 2314 institutionem,

599 2333 754 2409 iaerninas
781 2329 901 2407 faustis
927 2328 1102 2405 Altaribus
1124 2327 1157 2402 le
1181 2328 1277 2406 uitro
1296 2332 1478 2427 ingerere,
1493 2331 1648 2426 sacrat&

514 2504 520 2516 ,
599 2455 671 2532 que
690 2430 765 2507 vala
787 2428 1013 2525 impudenter
1035 2427 1268 2524 contingere,
1296 2431 1333 2506 &
1358 2430 1568 2510 indumenta
1597 2433 1649 2510 h·

497 2579 514 2591 -
598 2529 789 2609 cerdotalia
808 2526 1018 2626 Presbyteris
1040 2528 1333 2610 administrare...
1360 2528 1446 2607 Hoc
1463 2553 1555 2630 ergo
1572 2549 1648 2610 tam

309 2706 313 2713 ,
598 2630 759 2706 illicitum
782 2625 1029 2726 fanumquta
1052 2645 1098 2702 ex
1119 2641 1201 2703 toto
1221 2651 1241 2702 a
1262 2628 1650 2730 christianaReligione

312 2732 315 2739 '
457 2771 461 2781 ·
598 2729 786 2809 abhorret,
812 2751 857 2803 ne
870 2727 1013 2806 ulterius
1035 2725 1117 2811 fiat,
1137 2722 1369 2804 inhibendum
1396 2730 1445 2805 est
1469 2780 1543 2823 ,‚‚‚.

645 2826 851 2905 Concilium
869 2820 1112 2903 Nannetensm
1127 2824 1212 2902 Can.
1232 2848 1265 2916 3.
1281 2883 1302 2919 „
1313 2884 1335 2920 ,‚
1356 2827 1648 2909 Hocsecundum

598 2928 843 3004 audoritatem
860 2924 1053 3004 Canonum
1070 2925 1185 3000 modis
1204 2931 1371 3003 omnibns
1382 2929 1430 3004 est
1448 2930 1648 3025 prohiben-

598 3027 707 3109 dum,
727 3025 873 3104 utnulla
894 3027 1031 3102 faemina
1056 3025 1099 3100 ad
1120 3025 1235 3110 Altare
1250 3027 1432 3124 presumat
1451 3032 1647 3115 accedere,

599 3144 660 3203 aut
674 3124 885 3221 Presbytero
902 3128 1115 3210 ministrare,
1141 3143 1203 3203 aut
1224 3129 1314 3204 intra
1340 3128 1517 3206 cancellos
1538 3130 1647 3213 stare.

465 3231 468 3239 '
598 3243 661 3307 aut
679 3226 798 3303 sedere
823 3280 891 3320 ,‚‚‚.
1604 3288 1623 3335 ‚

914 3379 1329 3501 cucurri.

598 3506 872 3626 anaximenem}
891 3541 1081 3633 omninoque
1096 3542 1286 3624 servandum
1311 3537 1355 3620 eli
1366 3589 1378 3625 ,
1393 3564 1465 3613 carm
1487 3537 1650 3639 fieripna'

648 3638 777 3725 tcsl‚ut
797 3636 900 3728 Miffae
923 3637 1068 3719 minister
1077 3644 1222 3715 Clericus
1233 3639 1295 3730 fit,
1311 3641 1538 3738 superpelliceo
1553 3649 1650 3716 indu·

648 3760 723 3822 tus,
744 3741 788 3812 Θ
814 3741 919 3851 talari
944 3739 1042 3818 veste.

598 3924 683 4088 Iti
705 3927 936 4005 decreverunt
952 3922 1155 4007 Concilium
1171 3927 1434 4010 Mediolanense
1446 3955 1482 4028 4.
1502 3935 1651 4033 Aquen-

661 4028 692 4102 se
715 4030 797 4103 anni
825 4025 1160 4118 1585·Tolosanum
1188 4049 1294 4120 1590.
1322 4057 1399 4128 cap.
1421 4029 1455 4108 6.
1492 4037 1649 4112 Arenio·

599 4127 705 4203 nense
728 4130 810 4230 anni
842 4147 947 4217 1595·
969 4151 1049 4227 cap.
1073 4148 1130 4206 22·
1160 4133 1390 4214 Narbonense
1424 4136 1509 4210 anni
1537 4128 1648 4222 1609.

601 4249 641 4304 ca
669 4276 679 4295 ·
706 4243 764 4314 29·
1640 4314 1643 4319 .

642 4250 684 4405 ἓ·
705 4325 853 4403 Carolus
865 4327 901 4402 in
919 4323 1036 4407 Conc⁶
1051 4324 1307 4406 Mediolanensi
1330 4326 1368 4406 6.
1379 4329 1452 4408 Tit.
1481 4329 1578 4426 Qu
1608 4330 1648 4400 al

596 4421 732 4515 Missam
742 4428 928 4517 pertinent,
949 4426 1071 4504 addit:
1097 4484 1151 4520 ,‚‚‚
1174 4428 1356 4513 Clericus,
1381 4433 1442 4530 qui
1468 4435 1504 4506 in
1530 4427 1642 4508 Miffae

599 4524 781 4603 Sacrificio
799 4527 990 4612 ministrat,
1017 4527 1103 4607 dum
1120 4553 1196 4604 eam
1219 4529 1438 4606 funilione'm
1460 4533 1542 4607 obit
1563 4585 1582 4632 ι,
1600 4553 1647 4619 ιιιι

599 4647 721 4724 preces
745 4625 898 4702 horarias
923 4679 933 4709 ,
958 4650 1074 4724 neque
1097 4626 1191 4703 aliud
1228 4629 1425 4728 quidquam
1453 4629 1500 4704 de
1528 4630 1645 4706 libro,

598 4726 713 4801 aliove
736 4721 858 4800 officio
882 4727 1026 4815 recitet3
1043 4725 1099 4800 sed
1123 4743 1205 4803 toto
1228 4733 1361 4804 intimae
1378 4732 1515 4826 pietatis
1528 4730 1645 4806 studio

598 4822 644 4900 ad
660 4826 887 4901 ministerium
914 4838 1068 4901 attentus
1090 4824 1153 4913 fit,
1183 4827 1284 4925 quod
1308 4843 1396 4906 tunc
1412 4831 1471 4925 pie
1501 4829 1645 4928 religio·

597 4924 703 5023 seque
724 4926 852 5022 exequi
874 4923 980 4998 debet
1004 4981 1026 5016 ,‚
1040 4978 1074 5016 „.

647 5024 813 5120 synodus
832 5017 1037 5114 Tridentina
1065 5048 1140 5100 non
1163 5023 1273 5101 vulta
1294 5024 1487 5104 Sacerdote
1497 5024 1642 5104 Milium

518 5188 525 5201 ,
597 5119 786 5196 celebrarit
813 5179 866 5214 ,‚‚‚
905 5121 982 5202 Nisi
1004 5128 1100 5219 prius
1126 5179 1136 5210 ,
1158 5128 1219 5217 qui
1242 5124 1438 5215 intersint,
1475 5128 1645 5205 decenter

328 5244 547 5449 η
597 5218 801 5320 eourpofito
823 5225 984 5321 corporis
1001 5223 1123 5303 habitu
1156 5223 1428 5347 declaraverim
1440 5228 1474 5314 ie
1495 5241 1645 5306 mente,

758 5387 760 5392 .
1517 5356 1522 5367 ·
1555 5348 1599 5405 ac
