3892 6434
328 721 1694 989 u

541 1294 543 1303 ¹
610 1287 725 1404 148ἢ
802 1251 956 1385 ’Theos
971 1254 1308 1406 nouorum.
1333 1286 1430 1383 Lib.
1457 1276 1517 1385 Is.
1540 1246 1555 1307 ⁸²

603 1462 785 1563 AEgyptiis
808 1463 954 1543 vastatus
971 1463 1080 1542 ‚inde
1100 1467 1186 1543 mari
1207 1462 1366 1558 clausus3
1389 1458 1541 1563 Virgam
1561 1429 1661 1542 seraa

470 1609 476 1623 ·
604 1567 657 1642 iit
680 1563 827 1679 Moyses
841 1614 851 1646 ‚
865 1562 1033 1663 separavit
1054 1562 1087 1641 se
1111 1587 1225 1662 aqua.
1245 1567 1282 1642 ἃ
1305 1567 1342 1640 in
1368 1587 1556 1641 murorum
1579 1562 1657 1662 spe-

603 1668 696 1742 ciem
714 1662 941 1761 congelavit,
962 1679 1071 1763 atque
1090 1665 1181 1741 inter
1202 1666 1312 1742 undas
1332 1667 1386 1740 via
1408 1664 1574 1760 pedestris
1592 1688 1658 1759 ap·

602 1767 730 1866 paruit
759 1760 924 1862 Jordanis
945 1764 1136 1842 retrorsum
1158 1762 1348 1842 conversus
1369 1810 1380 1847 s
1403 1781 1530 1855 contra
1553 1779 1659 1840 natu-

602 1863 737 1940 tamin
759 1864 807 1940 sui
820 1860 928 1940 fontis
942 1866 1131 1941 revertitur
1149 1866 1350 1943 exordium.
1376 1860 1509 1939 Nonne
1523 1861 1657 1947 claret,

603 1977 766 2040 naturam
779 1960 833 2038 ves
848 1964 1108 2055 naaritimorum
1128 1963 1323 2042 fluduums
1340 1964 1393 2038 ves
1410 1960 1560 2038 fluvialis
1574 1966 1660 2040 cur·¹

603 2060 660 2140 sus
682 2059 750 2137 esse
767 2063 969 2139 mutatam?
987 2060 1133 2138 Sitiebat
1148 2065 1301 2162 popusus
1328 2060 1563 2140 Haesireotum
1579 2119 1588 2147 ,
1602 2078 1658 2138 te·

604 2158 688 2260 tigit
708 2160 853 2262 Moyses
871 2176 1032 2259 petram,
1056 2163 1091 2237 dr
1112 2186 1202 2262 aqua
1222 2166 1267 2240 de
1287 2179 1382 2258 petra
1406 2159 1519 2241 fluxit.
1550 2161 1657 2237 Nun·

604 2259 694 2359 quid
706 2285 780 2338 non
795 2277 920 2360 praeter
930 2276 1247 2362 naturamoperatr
1258 2265 1308 2340 est
1320 2264 1450 2360 gratia,
1468 2274 1510 2339 tit
1525 2282 1656 2362 aquam

453 2375 470 2391 “·
603 2366 769 2439 sumeret
785 2378 909 2460 petra,
931 2383 1040 2460 quam
1061 2385 1137 2438 non
1160 2360 1309 2440 habebat
1332 2364 1486 2438 natura?
1509 2360 1656 2438 Marath

601 2460 685 2539 fons
704 2457 931 2538 amarsssrmus
947 2477 1051 2546 erat,
1072 2466 1113 2538 ut
1134 2459 1250 2539 sitiens
1264 2462 1419 2560 populus
1441 2462 1560 2537 bibere
1577 2482 1656 2538 non

601 2556 730 2660 posint·
756 2558 855 2637 Misit
878 2557 1024 2658 Moyses
1046 2556 1183 2658 lignum
1203 2567 1237 2639 in
1262 2586 1411 2662 aquam,
1431 2563 1468 2636 δι
1488 2563 1656 2637 amaritu-

600 2662 723 2739 dinem
745 2657 840 2738 suam
863 2681 1035 2759 aquarum
1053 2677 1174 2739 natura
1200 2661 1386 2760 deposuit,
1409 2685 1517 2759 quam
1543 2659 1655 2738 intusa

599 2758 719 2838 subito
745 2762 855 2857 gratia
880 2762 1156 2859 temperavit...
1182 2759 1297 2855 Quod
1323 2761 1346 2837 sr
1374 2777 1514 2838 tantum
1542 2760 1654 2837 valuit

600 2858 756 2937 humana
785 2858 1009 2942 benedissio.
1038 2876 1079 2936 ut
1104 2875 1265 2937 naturam
1292 2872 1540 2957 converteret;
1559 2857 1655 2955 'quid

600 2959 754 3049 dicimus
771 2956 816 3035 de
838 2958 908 3053 ipsa
929 2956 1195 3036 consecratione
1220 2960 1357 3046 divina,
1378 2960 1439 3036 ubi
1458 2956 1560 3035 verba
1579 2956 1655 3053 ipsa

600 3056 757 3137 Domini
787 3056 975 3135 Salvatoris
1010 3059 1236 3153 operantur?
1260 3059 1354 3135 Nam
1380 3063 1654 3139 Sacramentum

600 3158 713 3246 istud,
725 3159 825 3255 quod
837 3157 1125 3256 accipis.csristi
1138 3157 1504 3235 sermoneconfititur.
1534 3150 1654 3250 Quod

558 3294 561 3299 ·
600 3257 627 3336 fi
652 3274 794 3338 tantum
819 3259 926 3336 valuit
950 3256 1064 3333 sermo
1079 3255 1179 3344 Esiae,
1194 3274 1234 3335 ut
1251 3262 1372 3357 ignem
1401 3259 1445 3333 de
1469 3258 1568 3332 coeso
1588 3257 1654 3333 de·

598 3377 777 3459 poneret;
800 3382 875 3434 non
900 3358 1028 3433 vaiebit
1047 3356 1174 3434 Christi
1197 3342 1337 3441 sernar‘a,
1360 3375 1400 3435 ut
1418 3355 1547 3454 species
1570 3378 1654 3433 mu·

582 3456 957 3537 tet'esementorum?
978 3454 1037 3533 De
1058 3460 1167 3534 totius
1185 3461 1310 3535 rutundi
1331 3461 1496 3557 operibus
1511 3455 1651 3552 legistis

403 3555 474 3625 stu
491 3573 536 3639 μ
552 3580 581 3643 9.
597 3556 699 3654 Qia
710 3557 776 3650 ipse
789 3558 896 3645 dixit,
914 3558 957 3629 (φ
965 3551 1059 3645 fassa
1068 3554 1168 3644 sunm
1190 3557 1254 3651 ipse
1267 3563 1458 3635 mandavit,
1475 3558 1518 3628 Θ
1537 3575 1651 3624 creata

595 3656 687 3752 sunt,
713 3660 839 3737 Sermo
870 3679 960 3755 ergo
983 3652 1139 3734 Christi.
1167 3660 1228 3755 qui
1249 3661 1369 3753 potuit
1396 3681 1442 3731 ex
1465 3654 1576 3732 nihilo
1596 3656 1652 3731 fa·

599 3756 703 3853 cete,
720 3757 821 3858 quod
850 3780 924 3833 non
959 3767 1055 3841 erat,
1075 3778 1149 3832 non
1174 3757 1291 3852 potest
1307 3781 1345 3832 ea
1364 3811 1374 3840 ,
1396 3780 1475 3856 quae
1491 3755 1588 3834 siant.
1609 3760 1652 3831 in·

549 3891 552 3909 ·
597 3854 817 3944 inmutare,
842 3854 946 3955 quod
970 3878 1045 3931 non
1077 3855 1204 3931 erant?
1234 3854 1320 3932 Nou
1345 3857 1439 3931 enim
1461 3865 1576 3931 minus
1597 3854 1651 3930 ess

597 3982 711 4037 novas
734 3958 837 4035 rebus
862 3954 968 4040 dare,
992 3977 1099 4054 quam
1124 3973 1260 4031 mutare
1287 3974 1436 4033 naturas.
1467 3955 1535 4030 Sed
1559 3953 1649 4052 quid

597 4060 817 4156 argumentis
840 4054 1002 4133 utimur?
1036 4053 1114 4130 Suis
1145 4071 1284 4133 utamur
1313 4053 1511 4151 exemplis,
1531 4052 1652 4129 sncar-

596 4157 819 4254 nationisque
829 4153 998 4250 exemplo
1021 4153 1237 4231 adstruamus
1260 4153 1301 4231 M
1330 4156 1419 4230 sterii
1446 4156 1647 4236 veritatem.

596 4256 788 4356 Numquid
807 4274 937 4332 naturae
948 4253 1028 4331 usus
1048 4252 1215 4349 praecessrt
1229 4300 1237 4327 t
1249 4278 1293 4331 cu
1349 4251 1447 4352 Jes'us
1465 4252 1647 4329 Dominus

595 4379 643 4435 ex
677 4359 790 4434 Maria
817 4349 1044 4431 nasceretur?
1069 4351 1104 4427 Si
1136 4355 1297 4428 ordinem
1321 4356 1539 4450 querimus,
1565 4355 1647 4426 viro

594 4459 707 4535 mixta
715 4455 852 4532 sumina
863 4476 1030 4548 generare
1040 4451 1223 4528 consuevit
1238 4473 1251 4542 ;
1273 4454 1384 4553 liquet
1397 4458 1524 4548 igitur,
1539 4449 1644 4551 quod

594 4560 725 4657 praetes
737 4571 870 4632 naturae
882 4552 1045 4632 ordinem
1057 4549 1175 4647 Virgo
1186 4555 1389 4649 generavit3
1405 4549 1642 4649 &ssooquod

595 4652 808 4736 consstimus
820 4653 985 4751 Corpus,
1004 4672 1049 4725 ex
1059 4649 1208 4747 Virgine
1228 4653 1276 4726 est
1302 4708 1324 4742 ,‚
1337 4699 1373 4744 ‚,.
1399 4651 1561 4729 Aliorum
1579 4647 1647 4726 Pa·

594 4754 693 4834 uum
712 4753 898 4830 referendis
920 4751 1125 4828 testimoniis
1147 4750 1365 4848 supersedeo.

428 4856 581 4950 cnathusioa
646 4853 709 4931 lll·
745 4852 844 4931 sdem
864 4853 992 4950 probat
1010 4852 1172 4926 omnium
1199 4849 1460 4935 christianarum
1485 4845 1647 4924 Societa-

394 4951 505 5028 unitas·
528 4956 566 5026 er
597 4968 674 5030 tum
695 4960 731 5029 in
752 4953 856 5049 hujus
869 4952 1048 5052 dogmatis
1072 4947 1344 5048 professionem,
1363 4951 1397 5023 ἃ
1416 4944 1644 5026 assertionem

393 5013 580 5162 ῗὲῐῐὲῗζῗοιέ
596 5053 831 5150 conspiratio,
850 5075 890 5145 ae
911 5053 1096 5141 praesertim
1112 5046 1272 5124 Ectsesrae
1291 5071 1414 5146 graecae
1434 5071 1517 5124 cum
1531 5046 1641 5125 latina
1663 5076 1667 5081 ·

391 5161 532 5234 firmatur.
595 5152 780 5229 consensus
805 5149 997 5228 certisfimis
1023 5148 1248 5224 documentis
1276 5152 1445 5245 probatus
1462 5171 1475 5242 ;
1491 5151 1576 5222 item
1600 5146 1645 5220 si.

594 5256 721 5351 turgia
747 5254 950 5340 omues,in
976 5253 1104 5349 quibus
1135 5266 1213 5328 orat
1239 5246 1410 5329 Sacerdos
1426 5294 1438 5332 ,
1456 5263 1496 5328 ut
1520 5245 1651 5343 pauses¹

280 5278 629 5454 ,Ι
1550 5344 1588 5420 ἃ
