3892 6434
481 942 550 1033 De
578 882 848 1034 sacramento
878 936 1156 1035 Eucharistiae}
1303 932 1359 1042 '³7

305 1115 431 1213 poris,
457 1114 494 1190 &
524 1112 711 1213 Sanguinis
737 1116 1004 1197 Sacramentum
1031 1108 1228 1198 instituill'e,
1255 1106 1364 1186 adeo·

304 1240 380 1314 que
408 1218 545 1311 azymis
574 1219 723 1313 panibus
755 1218 882 1294 usum·
907 1235 985 1297 tum
1019 1219 1054 1292 in
1089 1214 1206 1305 Coena
1234 1209 1360 1306 legali,

304 1336 349 1392 ut
376 1319 411 1389 in
440 1317 619 1415 myltica3
647 1314 817 1416 siquidem
845 1320 957 1417 iplum
989 1315 1184 1393 secundum
1208 1310 1363 1407 prascri-

305 1434 414 1514 ptum
433 1415 520 1510 legis
540 1414 665 1491 Pascha
678 1415 860 1492 celebrasse
872 1416 1090 1503 certumell,
1108 1436 1187 1516 quae
1201 1414 1363 1508 Azymot
1392 1389 1488 1463 ΕΜ
1511 1406 1559 1458 ¹²·

305 1538 416 1612 panes
439 1538 459 1590 a
479 1528 602 1614 quarta
619 1516 755 1592 decima
777 1518 835 1592 die
855 1521 959 1613 primi
979 1516 1104 1593 menlit
1120 1513 1165 1591 ad
1183 1511 1365 1611 vesperam

306 1613 419 1710 usque
441 1615 487 1688 ad
512 1615 608 1690 diem
627 1615 837 1712 vigefimam·
857 1621 1010 1715 primam
1033 1615 1077 1692 ad
1098 1615 1277 1712 vesperam
1297 1633 1363 1688 co·

306 1720 404 1788 medi
433 1713 676 1812 prohibebat3
699 1719 745 1796 ita
770 1733 810 1794 ut
838 1716 970 1815 septem
994 1716 1060 1792 ilus
1084 1715 1209 1791 diebus
1230 1734 1361 1810 panem

305 1814 562 1890 fermentatum
581 1816 793 1903 comedere,
820 1834 881 1893 aut
897 1819 1113 1895 fermentum
1133 1818 1168 1889 in
1192 1812 1361 1889 domibus

304 1911 463 1999 habere,
486 1908 633 2009 capitale
651 1912 780 2010 Judaeis
804 1915 897 1993 ellet.
926 1917 1006 1994 Nec
1028 1927 1165 2011 pugnat
1189 1935 1273 1988 cum
1289 1911 1363 1987 aliia

306 2009 539 2109 Evangelistis
564 2021 596 2091 S·
611 2018 781 2103 joannem
804 2038 887 2106 cunr
902 2020 1077 2102 enimait,
1095 2013 1275 2098 Christum
1293 2007 1364 2086 Eu·

306 2114 504 2189 cherillr'am
526 2113 705 2212 instituisse
733 2122 920 2188 Antedr'ern
935 2114 1054 2206 festum
1072 2113 1213 2200 Pascha,
1234 2110 1363 2207 speflat

306 2213 406 2287 diem
429 2213 622 2290 naturalem
649 2233 705 2302 15.
736 2213 846 2293 Luna
868 2273 879 2305 ,
899 2220 960 2315 qui
993 2219 1037 2293 ab
1058 2217 1196 2293 oriente
1219 2210 1290 2287 sole
1308 2213 1365 2283 in·

306 2311 488 2396 choatur,
508 2335 582 2387 non
608 2312 701 2388 diem
719 2316 867 2403 festum,
892 2320 952 2414 qui
970 2341 990 2393 a
1010 2316 1150 2415 vespera
1172 2332 1227 2403 14
1253 2308 1366 2389 Luna

309 2415 468 2506 incipit,
494 2410 689 2493 secundum
717 2417 801 2492 illud
830 2416 979 2501 Leuitici
1006 2432 1066 2517 23.
1101 2411 1213 2501 Mense
1233 2418 1367 2504 primo·

309 2515 575 2607 quartadecima
599 2517 652 2583 die
674 2514 786 2599 menfir
816 2521 857 2586 ad
884 2519 1080 2607 vesperam,
1105 2512 1203 2600 etate
1226 2506 1367 2582 uantur·

308 2612 353 2687 el
365 2637 377 2705 3
398 2615 715 2706 &quintadecima
739 2619 793 2684 die
810 2616 921 2704 menfis
944 2616 1040 2706 brejas
1064 2614 1257 2685 Solemnitat
1281 2629 1367 2700 azy·

310 2735 439 2786 morum
461 2716 599 2782 Domini
620 2713 672 2792 cll.
713 2712 846 2792 Eadem
869 2721 976 2814 igitur
1006 2714 1145 2814 vespera
1172 2733 1226 2802 14.
1252 2709 1366 2788 Luna

311 2812 359 2892 ad
374 2817 529 2909 primum
551 2814 644 2889 diem
657 2839 868 2916 azymorum
886 2817 1055 2911 legalem,
1076 2813 1272 2909 festumque
1287 2832 1368 2906 per·

278 2926 283 2931 '
308 2914 466 3001 tincher:
493 2915 624 3010 (tegis
637 2919 730 2993 eninr
746 2932 962 3012 preceptum
979 2930 1071 2998 erat.
1085 2911 1216 2988 ibidem
1234 2933 1289 2984 ve.
1306 2925 1365 2996 32,

310 3022 348 3087 A
370 3019 504 3106 vespera
533 3025 628 3110 utque
651 3022 693 3082 ad
715 3021 880 3108 vesperam
905 3011 1110 3086 celebrabitis
1142 3006 1281 3080 Sabbata
1305 3030 1367 3079 ve·

305 3110 406 3203 stra)
431 3117 467 3182 &
488 3114 712 3213 perrigllium
736 3132 808 3192 erat
831 3116 1083 3199 solemnitatis,
1111 3134 1190 3210 qua
1210 3109 1367 3185 decima.

312 3215 440 3309 quinta
461 3214 519 3289 die
537 3217 797 3301 celebrabatur,
819 3234 995 3313 quantum
1019 3215 1062 3291 ad
1081 3213 1301 3288 feriationem
1319 3209 1366 3284 ab

280 3390 286 3401 ,
312 3315 417 3390 omni
440 3335 573 3408 opere,
588 3332 787 3391 conventus
806 3321 848 3392 acl
866 3314 1171 3394 Tabernaculum‚
1186 3311 1238 3386 vel
1253 3307 1367 3385 Tem·

311 3416 438 3512 plum,
454 3418 489 3487 lic
513 3413 709 3496 Sacrificiat
724 3414 812 3492 ficut
837 3416 1076 3494 Ecclesiastico
1101 3416 1168 3488 ritu
1190 3411 1263 3486 festi
1291 3409 1365 3484 dict

313 3538 336 3591 a
356 3514 479 3608 primis
491 3512 856 3612 Vesperisincipiuut,
872 3519 909 3592 lb
931 3535 1049 3592 tamen
1065 3512 1274 3587 Solemnitas
1293 3507 1363 3584 diei

312 3613 486 3699 naturali,
502 3617 564 3712 qui
587 3616 631 3689 ab
657 3631 739 3690 ortu
770 3615 849 3691 solis
870 3619 1018 3715 incipit,
1037 3606 1236 3709 ailig‘natur.
1263 3607 1365 3699 Qua·

257 3788 261 3807 ,
313 3731 491 3814 propter,
508 3717 613 3790 etiam
631 3721 662 3788 S.
674 3713 830 3805 chrysost.
847 3720 1003 3813 primum
1035 3730 1247 3810 azymorum
1268 3708 1365 3782 diem

314 3817 569 3908 interpretatur
589 3838 670 3890 eum
683 3815 776 3889 diem
790 3865 798 3897 ,
812 3840 886 3914 quo
902 3819 943 3891 ad
958 3814 1134 3911 vesperam
1161 3832 1286 3908 azyma
1302 3829 1369 3880 co·

314 3910 572 3998 metebantur,
586 3914 620 3988 &
634 3938 716 3990 eum
730 3934 848 3990 tamen
861 3916 1129 3991 Solemuitatem
1144 3911 1367 4009 Azymorum

314 4010 541 4111 praeceffiffet-
558 4017 605 4088 ait
624 4013 755 4088 Homil·
774 4028 833 4099 82·
855 4019 889 4089 in
906 4013 1047 4090 Mattlr:
1066 4068 1088 4102 ‚,
1113 4008 1265 4087 Primam
1280 4007 1297 4093 (
1315 4009 1369 4074 in·

314 4114 456 4208 „quio
482 4115 702 4212 azymorum
726 4116 915 4191 eamdiem
938 4128 1044 4189 vocat
1065 4162 1076 4193 ,
1094 4135 1172 4204 quae
1194 4123 1267 4185 erat
1285 4119 1368 4180 ante

314 4270 340 4308 „
356 4213 508 4312 azyma.
534 4214 804 4292 consueverunt
824 4219 952 4290 enima
971 4212 1109 4305 vespera
1136 4209 1270 4301 semper
1295 4206 1368 4278 dier

315 4335 603 4491 ffugmetrared„
631 4313 909 4487 Sffss‘sfmnde‘
940 4318 972 4391 S..
997 4313 1114 4385 raom..
1150 4311 1186 4384 &
1212 4304 1369 4386 Concilii

320 4440 325 4446 ·
354 4438 385 4488 rr
413 4436 457 4485 en
476 4435 524 4487 rm
579 4431 655 4488 atec
682 4439 689 4486 ι
709 4439 798 4490 mus·
1141 4464 1143 4471 ·

370 4509 414 4588 lo
439 4512 550 4587 altero
584 4513 619 4588 S·
647 4511 796 4612 Joannis
818 4512 907 4588 loco
943 4509 1062 4595 Pescla
1096 4531 1171 4585 nou
1195 4502 1369 4604 fignificat

320 4611 471 4710 agnum
491 4610 778 4715 paschalem‚qui
793 4613 916 4705 r4die
938 4611 983 4687 ad
1008 4609 1183 4706 vesperam
1205 4605 1372 4682 inimola-

318 4714 497 4797 batur,&
520 4712 794 4790 comedebatur,
820 4715 874 4789 l'ed
893 4711 1066 4789 Palclrales
1095 4710 1175 4784 alias
1188 4709 1364 4790 villitrias,

319 4835 405 4915 quar
427 4814 560 4907 l'eptern
576 4817 796 4912 Azynrorum
809 4815 930 4889 diebus
954 4809 1269 4901 offerebautnr3de
1293 4809 1373 4907 qui.

321 4910 680 5005 butDeutttonomii
700 4912 754 4999 16,
768 4909 1013 5007 lmmolabilquc
1031 4913 1130 5000 Phole
1143 4917 1286 4984 Domino
1300 4918 1373 4983 Dec
1456 4954 1469 4968 ,.

791 5012 874 5108 Cr
1058 5106 1061 5113 ,
1278 5031 1336 5091 tn
