3892 6434
315 717 1702 983 u

645 1068 674 1101 s.

602 1300 689 1408 ‘rit
784 1293 940 1390 Theoi.
955 1288 1072 1411 nog.
1106 1288 1313 1388 &Moral
1343 1292 1439 1389 Lib.
1463 1294 1522 1393 Π.

608 1470 856 1570 reprobantur.
883 1466 1021 1547 Gratias
1032 1481 1152 1547 autern
1166 1492 1270 1570 agere
1284 1467 1365 1546 Deo
1382 1469 1557 1547 debemus
1573 1466 1666 1547 semi

609 1594 693 1670 per,
724 1572 759 1645 tc
784 1572 937 1668 ubique,
952 1570 989 1645 id
1012 1570 1080 1656 est,
1097 1573 1133 1645 iu
1147 1572 1448 1666 omnitempore,
1468 1572 1507 1645 da
1530 1574 1567 1644 in
1582 1579 1664 1646 om·

611 1674 650 1746 ni
673 1673 783 1764 loc03
818 1664 858 1747 ‘ut
881 1669 1090 1767 impleamus
1109 1670 1285 1753 innobir‚
1312 1673 1412 1786 quod
1437 1686 1603 1748 cantatur
1623 1674 1658 1745 in

409 1766 513 1835 istim·
547 1783 591 1846 ii·
612 1767 771 1849 Psalmo:
790 1773 983 1840 Benedicam
999 1771 1182 1842 Dominum
1199 1772 1233 1839 in
1246 1793 1332 1839 omni
1351 1788 1518 1864 tempore,
1540 1770 1664 1862 {emper

305 1941 307 1949 ,
409 1870 513 1951 i’ialaa.
528 1889 591 1952 teat
613 1869 766 1964 tamajus
782 1876 816 1940 ir
833 1892 979 1947 oremeo.
1005 1866 1049 1947 Et
1069 1872 1221 1948 iterum:
1244 1872 1285 1942 in
1302 1872 1389 1940 orani
1416 1870 1486 1944 ioco
1515 1877 1663 1939 domana-

612 1973 718 2043 tionis
754 1970 824 2063 ejus
849 1965 1011 2057 benedic,
1035 1972 1145 2041 anima
1172 1993 1267 2056 mea,
1292 1972 1448 2053 Domino,
1490 1968 1587 2064 Quis
1613 1971 1663 2047 est

522 2078 524 2089 ’
613 2094 726 2170 ergo,
743 2072 804 2167 qui
817 2068 1017 2155 benedicit,
1035 2070 1072 2145 aa
1084 2071 1211 2167 gratias
1223 2072 1296 2166 agit
1316 2069 1485 2147 Domino
1501 2076 1538 2145 iu
1559 2073 1661 2148 omni

614 2188 803 2269 tempore,
828 2170 889 2245 nisr
913 2169 1054 2247 humilis
1082 2169 1193 2248 corde
1217 2168 1233 2244 i
1255 2168 1338 2247 Esto
1374 2170 1539 2254 humilis,
1565 2168 1590 2245 li
1613 2173 1663 2246 vir

615 2272 825 2357 benedicere
842 2267 1048 2348 Dominum
1073 2273 1110 2345 in
1132 2273 1235 2346 omni
1260 2285 1442 2369 tempore,
1465 2272 1503 2345 de
1526 2268 1664 2367 semper

614 2370 773 2465 lausejua
787 2372 821 2445 in
839 2393 903 2457 ore
916 2385 1003 2454 tuor
1020 2372 1100 2466 quia
1114 2370 1150 2445 aa
1160 2367 1234 2468 job
1251 2394 1326 2446 non
1351 2388 1490 2447 tantum
1516 2370 1664 2445 benedi·

616 2474 672 2546 xit
684 2470 913 2557 Dominum,
938 2471 1086 2567 quaudo
1107 2471 1333 2546 abundabant
1355 2471 1401 2546 illi
1416 2473 1563 2546 omnia,
1585 2472 1666 2567 qui·

619 2572 778 2648 buseum
806 2569 955 2667 legimus
978 2571 1124 2647 divitem
1147 2568 1257 2653 fuisse.
1299 2571 1420 2648 Ablata
1443 2574 1524 2645 lunt
1540 2575 1663 2646 omnia

618 2694 695 2749 uno
710 2674 894 2766 tempore,
910 2670 946 2744 &
965 2670 1146 2766 implevit,
1160 2669 1260 2769 quod
1281 2673 1317 2745 in
1334 2669 1408 2747 hoc
1423 2668 1561 2744 Psalmo
1582 2668 1665 2745 scri·

474 2803 482 2828 ·
503 2811 522 2840 .·
541 2836 544 2842 .
564 2811 582 2842 .·
619 2769 820 2869 promen,
843 2768 986 2845 dicens:
1006 2773 1306 2867 pominus‘aedrr,
1322 2774 1485 2841 Domanus
1507 2765 1664 2850 adstarem

616 2868 701 2959 licut
725 2870 867 2941 Domino
882 2869 1032 2962 placuit,
1050 2866 1231 2958 itafuiiam
1245 2869 1309 2946 eii:
1329 2877 1382 2940 Sit
1396 2893 1509 2941 nomen
1527 2870 1666 2940 Domini

609 2967 830 3042 tenedum.
886 2968 976 3046 Ecce
995 2969 1202 3068 exemplum
1236 2971 1476 3047 benedicentis
1495 2972 1532 3043 in
1562 2971 1665 3046 omni

621 3087 796 3169 tempore·
818 3068 1092 3164 Nonhabebnt,
1149 3095 1200 3146 uae
1222 3085 1378 3158 teneret,
1403 3071 1459 3146 sed
1487 3068 1663 3156 habebat,

621 3175 722 3270 quod
740 3170 905 3248 laudaret.
934 3170 975 3246 ln
991 3169 1093 3245 laude
1118 3094 1185 3248 liei
1208 3169 1276 3252 sui,
1297 3170 1391 3269 quafi
1410 3176 1443 3246 in
1463 3193 1584 3246 rerum
1602 3193 1663 3245 co·

621 3279 698 3368 pia,
715 3271 921 3367 quiescebat.
950 3269 1032 3346 Plus
1045 3270 1094 3344 est
1109 3269 1236 3345 babere
1253 3295 1356 3356 eum,
1370 3274 1431 3371 qui
1453 3272 1513 3346 dat
1529 3326 1540 3355 ,
1556 3292 1666 3368 quam

621 3372 695 3454 illa,
712 3394 790 3467 quae
803 3371 872 3446 dat.
888 3371 922 3446 Si
937 3375 1033 3445 enim
1044 3393 1172 3466 magna
1184 3369 1284 3453 suut,
1303 3394 1439 3468 quanto
1460 3371 1575 3464 major
1593 3369 1666 3468 ipse

621 3472 795 3568 largitori
824 3470 866 3547 Et
883 3487 978 3547 certe
997 3493 1077 3566 quae
1091 3475 1126 3545 in
1148 3472 1214 3546 bac
1229 3474 1296 3546 vita
1312 3473 1445 3546 dederit
1462 3468 1581 3555 Deus,
1601 3484 1665 3545 aut

623 3571 903 3655 domabimus,
926 3593 991 3645 nos
1010 3570 1194 3655 deserunt,
1216 3585 1276 3646 aut
1304 3595 1322 3645 a
1343 3573 1446 3646 nobis
1467 3584 1584 3645 morte
1603 3569 1667 3643 de·

623 3669 792 3747 seruntur.
822 3675 867 3745 At
882 3694 967 3771 vero
982 3670 1051 3767 ipse
1064 3669 1164 3747 Deus
1182 3685 1308 3746 aeterna
1327 3669 1507 3767 pollefflo,
1525 3669 1666 3764 semper

623 3770 791 3873 praeiens,
813 3793 995 3868 nunquam
1034 3768 1157 3845 deserit
1184 3769 1428 3864 possidentem.
1471 3769 1550 3845 Sint
1577 3791 1665 3865 erge

622 3870 712 3944 calla
736 3885 817 3945 vota
835 3869 1030 3953 Fidelium3
1059 3871 1124 3945 vile
1140 3868 1180 3944 srt
1206 3871 1400 3965 temporale
1427 3873 1600 3955 bonurn,
1626 3882 1665 3944 ut

621 3971 739 4044 veniat
754 3986 932 4044 aeternuur.
965 3968 1000 4042 Si
1021 3969 1114 4044 bona
1144 3968 1335 4066 suppetunt
1349 3968 1483 4053 saeculi,
1506 3969 1550 4044 stt
1569 3971 1665 4043 mila·

621 4067 961 4144 ricordiaefaciendae
976 4073 1158 4161 materier3
1189 4069 1212 4143 sr
1240 4068 1430 4152 defuerint,
1460 4068 1663 4166 fitpatien·

621 4171 678 4243 tiae
690 4167 798 4243 lidelis
819 4167 967 4244 occasio.
999 4167 1076 4244 Tali
1091 4173 1187 4244 enim
1204 4170 1398 4246 devotione
1411 4171 1516 4244 etiam
1533 4173 1571 4243 in
1586 4191 1666 4243 om·

621 4271 660 4345 ni
677 4268 761 4343 loco
785 4269 870 4348 Deo
893 4270 1013 4363 gratiae
1040 4286 1219 4363 aguntur,
1252 4273 1332 4365 quia
1362 4271 1423 4366 qui
1458 4271 1592 4366 ubique
1619 4268 1666 4343 est

623 4368 791 4465 praesens,
816 4373 945 4467 ubique
967 4369 1126 4465 agnoseit
1153 4368 1371 4444 laudatorem
1398 4369 1522 4454 suum,
1561 4371 1666 4443 etiam

624 4491 706 4543 cum
720 4494 783 4544 ore
797 4473 1020 4565 quiescente,
1050 4470 1238 4544 &tacente
1261 4470 1377 4564 lingua
1396 4524 1406 4555 ,
1428 4468 1565 4543 secreto
1586 4491 1668 4542 cor·

604 4568 676 4642 dis
697 4567 821 4645 affeilu
848 4569 953 4643 fidelis
965 4573 994 4642 ei
1014 4572 1128 4643 anima
1148 4568 1344 4653 benedicit,
1372 4591 1456 4644 cum
1480 4573 1556 4664 agit
1576 4570 1610 4642 in
1627 4565 1668 4642 ti·

419 4678 522 4758 tlatn-
537 4697 601 4755 m·
624 4669 734 4742 lentio
748 4724 757 4752 ,
773 4670 871 4767 quod
892 4673 1028 4744 canitur
1041 4673 1075 4743 in
1097 4668 1249 4742 Psalmo:
1275 4673 1434 4752 Banedrc,
1449 4673 1560 4744 anima
1574 4691 1664 4750 mea,

610 4773 766 4843 -Dnmino
779 4826 787 4853 ,
800 4773 842 4840 ti*
855 4777 983 4855 omnia,
999 4791 1064 4863 que
1074 4772 1163 4837 intra
1174 4792 1222 4836 me
1230 4772 1305 4852 ierit
1329 4771 1453 4838 nornini
1462 4767 1574 4854 fiansio
1585 4768 1668 4859 rjus.

674 4868 847 4965 Exprimit
873 4869 1018 4945 subinde
1043 4868 1237 4955 Sacerdos,
1257 4871 1299 4943 ad
1326 4892 1432 4968 quem
1463 4873 1668 4944 orationem

594 4970 770 5062 ,dirigam
799 4970 979 5045 dicendos
1010 4973 1150 5038 Domine
1163 4968 1295 5054 sande,
1327 4977 1425 5038 Peter
1448 4977 1669 5062 onarripotrnr,

623 5090 738 5148 «rnna
753 5078 863 5158 licam
893 5074 928 5143 dr
953 5094 1016 5166 per
1035 5093 1141 5162 quem
1169 5071 1329 5144 eamdem
1360 5074 1564 5146 orationem
1588 5071 1671 5145 diri·

623 5188 706 5261 gat,
734 5169 920 5256 addendo,
942 5180 1002 5238 i’rr
1018 5169 1178 5248 corbium
1191 5170 1369 5240 Dominum
1387 5173 1540 5245 nostrum.
1553 5168 1669 5267 Quod

315 5272 465 5453 q
623 5267 731 5373 dicit,
757 5276 922 5355 vorabit,
960 5271 1107 5348 refertur
1129 5274 1172 5348 ad
1203 5286 1370 5347 creaturae
1388 5269 1671 5445 subjesiiongm,

335 5422 381 5449 f„
1609 5396 1632 5447 a
