3892 6434
469 908 546 1003 De
572 906 843 1001 Sacrnmento
872 902 1148 1023 Euclrnristiae.
1297 924 1357 1017 95

297 1098 411 1177 ,ntor
429 1074 552 1161 notter
569 1076 590 1176 s
599 1075 738 1175 inquit)
763 1076 965 1159 discessurus
989 1105 1035 1157 ex
1060 1076 1134 1159 lroc
1155 1076 1294 1177 mundo
1309 1080 1355 1159 ad

303 1186 466 1273 Patrem,
496 1184 764 1263 Sacramentum
788 1180 862 1257 hoc
878 1182 1047 1266 instituit,
1072 1186 1107 1259 in
1127 1206 1202 1281 quo
1217 1182 1354 1259 divitias

302 1288 418 1379 ‚diuini
452 1282 504 1361 sui
527 1305 609 1379 erga
633 1279 798 1355 homines
824 1285 955 1357 amoris
977 1282 1073 1357 velut
1098 1281 1252 1365 effudit,
1279 1306 1356 1358 rne-

309 1384 600 1465 moriam-faciens
623 1382 835 1456 mirabilium
858 1380 1025 1473 suorum3
1041 1383 1075 1456 ἃ
1093 1384 1130 1457 in
1149 1382 1238 1460 illius
1262 1381 1354 1459 sum·

309 1490 432 1589 prlone
452 1484 574 1561 colere
591 1496 658 1555 nos
680 1481 728 1556 l'ui
749 1483 958 1556 memoriam
984 1482 1354 1583 praecepit,sunmque

307 1587 523 1667 annunciare
563 1597 755 1666 mortem,
791 1577 910 1656 donec
950 1578 1021 1677 ipse
1046 1581 1091 1657 ad
1119 1578 1353 1678 iudicandum

303 1688 486 1767 mundum
513 1684 631 1767 veniat
658 1728 734 1772 ,‚„.
818 1726 821 1741 2

351 1782 602 1867 confirmatur
623 1774 781 1857 secundo
803 1786 890 1855 ears.
906 1771 1032 1853 Thomu
1054 1799 1087 1868 3·
1105 1800 1141 1878 p.
1164 1776 1283 1880 quast.
1293 1792 1354 1867 80.

302 1904 370 1967 art.
385 1906 422 1961 2.
446 1930 502 1977 Μ,
527 1880 676 1978 Duplex
705 1881 847 1977 (inquit
869 1881 952 1967 >eli
982 1880 1111 1957 modus
1134 1882 1351 1978 percipiendi

298 1986 379 2065 hoc
392 1986 685 2063 Sacramentum,
712 1974 841 2058 scilicet
863 1982 1044 2078 spiritualis
1069 1982 1132 2066 ,ἃ
1158 1980 1353 2057 sacramen·

303 2084 393 2165 talis·
421 2080 648 2161 Manifestum
671 2081 853 2157 ellauteut
877 2130 887 2163 ‚
910 2082 1011 2178 quod
1034 2102 1161 2156 omnes
1184 2094 1351 2171 tenentur
1368 2102 1396 2167 s.
1410 2100 1549 2170 commus

298 2188 426 2265 saltent
450 2179 668 2282 spiritualiter
691 2183 904 2258 manducare
917 2204 928 2262 3
941 2188 1023 2279 quia
1042 2179 1116 2257 lroc
1136 2180 1185 2257 eli
1208 2180 1349 2260 Christo
1367 2178 1463 2241 nlonn
1478 2193 1548 2258 er*

301 2284 537 2383 incorporari.
580 2280 774 2378 Spiritualir
796 2301 914 2357 aurem
945 2281 1176 2358 manducatio
1200 2283 1350 2361 includit
1367 2269 1495 2335 mltum·

301 2404 435 2465 toturn
456 2423 469 2467 ,
488 2386 546 2457 seu
583 2378 792 2458 desiderium
816 2383 1032 2478 percipiendi
1054 2373 1127 2457 hoc
1146 2380 1353 2475 Sacramen-

298 2501 399 2576 tum.
425 2481 471 2560 Et
491 2478 575 2557 ideo
598 2478 669 2554 stne
694 2498 784 2555 voto
806 2482 1022 2579 percipiendi
1048 2477 1122 2556 hoc
1145 2480 1352 2559 Sacramen-

302 2600 386 2663 tum
406 2600 483 2660 non
505 2580 621 2679 potell
641 2579 781 2656 homins
799 2576 867 2656 else
885 2580 982 2659 sitm.
1019 2576 1155 2656 Frustra
1173 2583 1352 2660 autemes·

300 2687 361 2767 set.
380 2698 509 2762 uotum
524 2714 547 2758 ·‚
573 2678 635 2755 nili
660 2681 868 2777 impleretur
890 2723 900 2764 ‚
920 2679 1067 2779 quando
1096 2688 1350 2778 opportunitas

301 2780 447 2863 adesset·
469 2780 514 2859 Et
542 2779 625 2854 ldeo
645 2780 864 2855 manifestum
885 2780 964 2864 ell,
993 2777 1093 2876 quod
1116 2780 1232 2859 homo
1255 2800 1351 2861 tene·

299 2898 366 2965 tur
390 2882 463 2959 lroc
488 2879 755 2958 Sacramentum
772 2879 946 2961 sumere,
977 2901 1050 2953 non
1076 2878 1187 2955 solum
1216 2905 1262 2956 ex
1286 2884 1351 2958 lla.

303 3002 390 3063 tuto
413 2976 593 3065 Ecclesia,
610 2977 667 3054 sed
688 2998 734 3056 ex
758 2980 926 3054 mundato
941 2974 1091 3053 Domini
1109 2978 1256 3055 dicentis
1277 2982 1345 3061 Lu·

303 3108 358 3163 cae
377 3096 434 3160 22.
463 3085 539 3152 Hoc
549 3075 655 3169 facire
674 3078 709 3148 in
722 3103 824 3150 meam
846 3079 1187 3154 commemorationem.
1218 3076 1272 3157 Ex
1285 3083 1350 3159 sta.

303 3200 390 3263 turo
411 3196 529 3265 alitem
554 3166 714 3257 Ecclesia
735 3178 815 3258 sunt
832 3179 1061 3256 determinata
1087 3190 1249 3273 tempora
1265 3205 1349 3256 exe.

305 3286 441 3383 quendi
476 3280 603 3358 Christi
632 3298 850 3379 praeceptum
874 3320 943 3371 ,‚„·
971 3278 1015 3354 tt
1044 3282 1164 3377 primia
1201 3283 1347 3377 quidem

305 3383 552 3481 temporibus,
574 3383 721 3478 quando
742 3380 900 3455 fervente
920 3377 1037 3455 adhuc
1062 3379 1350 3475 religioneChrn

304 3486 405 3561 iliani
427 3486 554 3578 sponte
575 3481 631 3556 sua
661 3479 736 3555 laris
762 3480 1031 3579 frequentabant
1047 3475 1119 3555 hoc
1144 3479 1347 3567 Sacramen-

305 3598 386 3659 turn
409 3630 420 3669 ,
440 3582 556 3678 legem
581 3579 760 3655 serendam
787 3605 862 3654 non
879 3579 1049 3673 judicavit
1071 3576 1250 3668 Ecclesia,
1279 3606 1349 3679 qua

305 3700 448 3757 certum
470 3700 610 3777 tempus
630 3680 864 3776 percipiendo
885 3677 1108 3759 Eucharistiae
1128 3683 1175 3754 eir
1195 3682 1349 3777 praescri·

304 3785 463 3865 bererur.
492 3779 627 3856 Verum
656 3780 844 3877 postquam
869 3779 1044 3877 tepescere
1060 3782 1174 3875 coeplt
1199 3782 1347 3875 devotio

306 3880 503 3963 fidelium.
528 3880 662 3961 statuit,
690 3896 730 3955 ut
750 3878 866 3955 saltem
889 3898 941 3953 rer
956 3882 1148 3975 quotannis
1162 3875 1347 3963 Christiani

304 4005 434 4059 omnes
452 3980 578 4057 adultae
604 3982 711 4059 aetatir
735 3977 981 4059 Eucharistinnt
1013 3979 1206 4075 sumerent,
1229 3978 1268 4057 iis
1295 3984 1346 4057 ni·
1364 3994 1549 4083 Quibusdte.
1658 4034 1661 4043 ·

305 4087 438 4158 mirum
463 4081 585 4157 diebus
615 4127 626 4166 ,
650 4082 778 4178 quibus
805 4082 980 4178 praecippa
1004 4078 1130 4154 nollrae
1153 4076 1346 4179 Religionis
1363 4084 1418 4177 uus
1440 4082 1512 4143 olim

305 4182 476 4280 lllylleria
505 4180 650 4255 solemni
666 4181 735 4273 ritu
767 4183 973 4257 recoluntur
988 4225 997 4247 .
1015 4179 1049 4255 id
1070 4178 1140 4262 est,
1158 4178 1344 4266 Palinatis,
1364 4174 1547 4296 iJgrctel'ffm·

304 4279 530 4359 Pentecosten
550 4326 560 4364 ,
579 4281 615 4353 &
639 4276 840 4354 Natiuitatis
875 4276 1025 4354 Domini
1050 4325 1060 4358 .
1088 4296 1127 4355 ut
1146 4280 1284 4354 conslar
1304 4304 1349 4355 ex
1367 4276 1479 4378 munio.

304 4377 557 4479 cap1Ersr'non
574 4375 780 4472 frequentius
805 4425 815 4463 ,
840 4378 940 4478 quod
962 4383 993 4446 S.
1017 4372 1159 4447 Fabiano
1180 4375 1350 4454 Romano

304 4476 472 4563 Pontifici
493 4480 658 4555 tribuitur
690 4524 700 4561 ,
730 4477 805 4553 dist.
841 4497 872 4569 3.
897 4480 934 4547 de
958 4475 1225 4569 Consecruetonc3
1246 4479 1282 4554 ἃ
1304 4500 1351 4556 ex

305 4580 475 4660 Concilio
508 4576 698 4674 Agathenfi
728 4596 824 4654 anno
848 4590 932 4668 506.
962 4595 1039 4655 can.
1063 4589 1118 4662 18.
1147 4580 1248 4673 cujus
1273 4576 1352 4657 haec‘

303 4682 387 4760 sunt
412 4679 544 4755 verba:
575 4726 597 4769 „
626 4678 837 4757 Saeculares,
856 4681 917 4777 qui
937 4677 1062 4755 Natale
1092 4676 1262 4763 Domini,
1284 4677 1348 4756 Pa.

302 4832 327 4875 ‚,
346 4777 426 4856 scha
440 4835 450 4865 ‚
463 4775 717 4855 &Pentecoste
732 4802 806 4855 non
831 4780 1192 4864 communicaverint,
1209 4777 1347 4858 Catho.

303 4881 397 4975 „lici
409 4903 484 4957 non
496 4876 782 4965 credanturmec
791 4880 883 4955 inter
892 4875 1097 4957 catholicos
1107 4876 1299 4971 habeantur
1309 4919 1348 4975 „0

357 4980 452 5065 Tem·
475 4981 548 5058 111.
826 4974 863 5054 G
1254 4974 1302 5056 Er
