3892 6434
1031 1332 1169 1422 De
1228 1331 1764 1422 Sacramento
1819 1323 2369 1437 Eucharistiae,
2630 1355 2793 1437 575·

690 1500 1065 1580 ambulabat
1102 1505 1270 1599 apud
1309 1502 1585 1593 Judaeos
1606 1556 1628 1590 ,
1670 1525 1836 1579 cum
1891 1504 2309 1598 cogitarent
2348 1522 2513 1578 eum
2559 1496 2605 1598 J
2610 1502 2795 1579 udaei

695 1606 1090 1686 interficere
1114 1661 1134 1691 ,
1172 1602 1283 1680 sed
1321 1607 1487 1679 abiit
1529 1604 1601 1677 in
1634 1606 2004 1698 regionem
2047 1605 2249 1696 juxta
2282 1597 2630 1702 desertum
2653 1645 2673 1680 2
2711 1604 2791 1678 &

694 1711 796 1786 ibi
856 1707 1261 1782 morabatur
1314 1727 1483 1780 cum
1542 1703 1893 1794 discipulis
1953 1701 2106 1777 suis.
2184 1699 2555 1777 Silentium
2607 1723 2791 1801 ergo

697 1807 1098 1887 Sacerdotis
1139 1851 1160 1880 ‚
1209 1805 1582 1880 latibulum
1641 1800 1897 1879 Christi
1942 1798 2303 1897 fignificat.
2358 1799 2618 1880 Manus
2662 1806 2793 1878 ite·

697 1932 862 1986 rum
901 1903 1241 1982 Sacerdos
1284 1903 1538 1987 abluit,
1586 1919 1663 1979 ut
1702 1907 1922 1997 magis
1966 1901 2326 1998 magisque
2370 1903 2795 2002 mundatus,

694 2005 1023 2086 Hostiam
1054 2003 1574 2080 immaculatam
1601 1999 1875 2077 offerat·
1927 1998 2140 2077 Unde
2162 2003 2394 2072 David
2419 1998 2579 2078 Rex
2621 2026 2793 2078 cum

706 2109 848 2203 jam
898 2107 1316 2202 poenitentia
1357 2102 1741 2186 mundatus
1786 2097 1952 2177 effet
1977 2156 1999 2188 ,
2047 2102 2333 2188 orabat,
2375 2117 2455 2178 ut
2492 2102 2791 2210 ampliu·

699 2207 1187 2286 mundaretur.
1247 2202 1545 2295 Amplius
1595 2204 1939 2298 (inquit)
1997 2201 2154 2270 lava
2200 2223 2301 2270 me
2340 2196 2420 2270 ab
2463 2203 2795 2290 injustitia
2829 2211 3033 2285 Psalm.

699 2329 843 2392 mea
871 2360 891 2396 ,
937 2319 1018 2376 w·
1067 2328 1106 2372 a
1151 2300 1382 2373 Aeliae
1422 2325 1557 2371 meo
1592 2310 1825 2372 munda
1863 2325 1987 2372 me.
2038 2302 2382 2378 Sacerdos
2427 2297 2793 2394 oblatione

697 2407 875 2484 fasta
920 2422 1023 2480 ter
1059 2403 1510 2501 superducit,
1549 2402 1621 2476 δι
1666 2400 2142 2480 circumducit
2187 2403 2573 2501 thymiama
2611 2455 2633 2488 ,
2670 2400 2797 2476 de-

695 2503 979 2603 fignans
1016 2558 1036 2588 ,
1078 2505 1276 2599 quod
1338 2513 1559 2572 Marta
1610 2518 1716 2576 ter
1763 2499 2017 2576 effudit
2076 2519 2523 2598 unguentum
2590 2500 2795 2600 super

651 2689 662 2704 ,
701 2600 991 2699 Corpus
1027 2600 1210 2700 Jesu.
1277 2600 1558 2679 Primo,
1588 2625 1756 2676 cum
1800 2605 2010 2678 unxit
2047 2601 2260 2699 pedes
2290 2598 2499 2696 ipsius
2537 2602 2610 2676 in
2658 2602 2797 2677 do-·

699 2728 831 2782 mo
882 2705 1191 2780 Simonis
1248 2700 1605 2777 Pharisaei:
1649 2703 2033 2787 Secundo,
2080 2725 2247 2778 cum
2294 2702 2367 2775 in
2411 2697 2638 2777 domo
2686 2697 2801 2777 Si-

701 2808 937 2881 monis
967 2800 1257 2899 Leprofi
1281 2818 1497 2901 caput
1518 2800 1666 2896 ejus
1694 2800 2020 2896 pertudit.
2075 2800 2325 2878 Tertio
2356 2848 2379 2883 ,
2416 2824 2582 2876 cum
2620 2806 2809 2880 emit

697 2919 1061 2991 aromata,
1109 2920 1189 2979 ut
1237 2908 1522 2978 veniens
1579 2920 1876 2998 ungeret
1910 2898 2146 2997 Jesum
2180 2902 2323 2996 jam
2352 2905 2423 2975 in
2468 2899 2792 2998 sepulcro

701 3003 1037 3102 positum.
1092 3002 1370 3079 Totum
1410 3000 1735 3078 adoletur
1760 3003 2035 3084 Altae,
2078 3006 2238 3097 quia
2279 3002 2683 3078 devotionis
2718 3002 2798 3076 il-

703 3105 835 3184 lius
875 3104 1055 3178 fania
1136 3126 1208 3177 er
1249 3119 1474 3179 totam
1527 3098 1903 3177 Ecclesiam
1943 3097 2181 3178 diffusa
2228 3101 2365 3187 est,
2406 3099 2795 3179 secundum

702 3205 1000 3280 verbum
1134 3205 1395 3279 omini:
1443 3209 1650 3271 Amen
1705 3208 1849 3270 dico
1891 3199 2081 3270 vobis
2108 3255 2130 3287 ,
2181 3196 2534 3294 ubicunque
2562 3207 2787 3293 praedi·
2841 3215 3061 3284 matth,

707 3322 923 3374 carum
977 3297 1194 3388 fuerit
1251 3301 1368 3372 hoc
1417 3300 1852 3393 Evangelium
1908 3307 1980 3371 in
2034 3317 2174 3372 toto
2222 3301 2451 3370 mundo
2484 3346 2509 3384 ,
2542 3303 2796 3373 dicetur
2874 3311 2964 3374 13·

705 3411 787 3475 Θ
833 3409 997 3495 quod
1039 3403 1164 3471 haec
1193 3398 1361 3490 fecit
1399 3404 1470 3471 in
1507 3409 1883 3472 memoriam
1926 3401 2089 3487 ejus.
2143 3399 2517 3478 Moraliter
2555 3417 2795 3482 autem
2916 3447 2929 3460 ·

705 3501 1081 3599 fignificat,
1121 3500 1285 3579 thus
1318 3502 1734 3602 devotionis·
1755 3500 2188 3579 adolendum
2224 3497 2358 3578 effe
2392 3503 2461 3576 in
2495 3526 2609 3578 ara
2630 3524 2796 3588 cor.

709 3603 815 3679 dis
849 3646 871 3680 ,
936 3605 1102 3700 igne
1162 3602 1446 3679 fervidae
1499 3601 1900 3687 charitatis,
1962 3618 2044 3679 ut
2110 3601 2415 3678 odorem
2451 3600 2795 3679 suavitatis

707 3705 1004 3780 emittat·
1058 3700 1251 3779 Hinc
1292 3709 1362 3774 S.
1388 3698 1654 3796 August.
1695 3701 1811 3778 lib.
1842 3718 1961 3782 10.
2015 3705 2094 3769 de
2139 3704 2292 3771 (Σίν.
2326 3704 2463 3773 Dei
2486 3755 2508 3787 ,
2545 3725 2701 3799 cap.
2728 3722 2805 3791 3.

707 3857 823 3894 „„
878 3803 1065 3881 Cum
1108 3803 1195 3877 ad
1244 3801 1443 3879 illum
1492 3801 1754 3879 sursum
1808 3801 1944 3887 est,
1978 3802 2182 3892 cujus
2230 3801 2328 3877 est
2364 3801 2595 3878 Altare
2666 3823 2803 3878 no-

709 3901 970 3986 strum,
1026 3902 1172 3988 eius
1215 3900 1608 3998 Unigenito
1660 3925 1825 3980 cum
1873 3901 2256 3977 Sacerdote
2300 3901 2732 4000 placamus..
2767 3956 2798 3986 .

709 3997 792 4078 Εἰ
817 3997 1278 4076 suaviffimum
1301 4002 1665 4078 adolemus
1698 3999 2057 4078 incensum
2084 4048 2105 4079 ‚
2146 4023 2312 4078 cum
2342 4005 2411 4076 in
2440 4003 2589 4098 ejus
2617 4024 2805 4079 con-

709 4100 941 4199 speistu
967 4103 1088 4196 pio
1109 4142 1131 4176 ‚
1164 4098 1534 4200 sanctoque
1569 4126 1813 4177 amore
1839 4095 2237 4199 flagramus.
2306 4099 2386 4177 Ei
2426 4102 2613 4177 dona
2641 4104 2795 4197 ejus

708 4201 782 4276 in
851 4204 1059 4275 nobis
1100 4253 1122 4285 ,
1159 4200 1427 4296 nosque
1485 4201 1667 4297 ipsos
1722 4225 2069 4276 vovemus
2103 4252 2124 4284 ‚
2166 4205 2239 4276 δι
2288 4201 2666 4279 reddimus.
2706 4245 2726 4269 ·
2761 4217 2791 4285 4

709 4297 794 4376 Ei
832 4297 1288 4375 sacrificamus
1331 4298 1627 4376 hostiam
1661 4299 2112 4379 humilitatis,
2150 4303 2222 4375 δι
2264 4300 2526 4375 laudis.
2562 4305 2630 4376 in
2676 4323 2793 4377 ara

712 4401 950 4475 cordis
977 4455 997 4485 ,
1038 4402 1206 4492 igne
1238 4397 1520 4476 fervidae
1545 4403 1896 4476 charitatis
1939 4455 1984 4491 „
2016 4446 2088 4492 ‚‚·
2140 4397 2387 4477 Hostia
2424 4400 2622 4496 super
2670 4397 2794 4476 Pa·

716 4512 953 4574 tenam
1012 4498 1310 4575 offertur
1342 4553 1362 4582 ,
1403 4521 1561 4598 quae
1606 4523 1646 4574 a
1704 4501 2016 4595 patendo
2071 4501 2250 4577 dista
2285 4553 2306 4585 ,
2356 4522 2485 4577 cor
2524 4499 2793 4582 latum,

711 4598 786 4674 &
825 4598 1141 4694 amplum
1180 4597 1519 4694 fignificat
1547 4638 1570 4675 ›
1624 4605 1785 4687 quia
1829 4597 2029 4694 super
2080 4597 2520 4676 latitudinem
2568 4600 2795 4675 chari-

711 4699 870 4776 tatis
924 4697 1330 4776 sacrificium
1378 4699 1653 4795 justitiae
1715 4699 1925 4774 debet
1970 4698 2207 4774 offerri
2250 4753 2270 4784 ,
2321 4716 2403 4781 ut
2443 4700 2792 4776 holocau-

715 4798 900 4874 stum
956 4800 1204 4873 animae
1257 4802 1525 4895 pingue
1590 4798 1728 4874 fiat.
1809 4796 2011 4875 Hanc
2059 4797 2497 4876 latitudinem
2552 4799 2789 4875 cordia
2966 4883 2973 4892 ,

711 4895 1032 4993 Apostoli
1077 4898 1427 4975 habebant
1458 4949 1479 4981 ‚
1518 4921 1683 4975 cum
1733 4896 1971 4975 Petrus
2016 4903 2167 4978 aitz,
2200 4901 2291 4969 Et
2325 4896 2381 4984 fi
2425 4906 2790 4992 oportuerit
2848 4893 3065 4968 Matth.

707 5018 811 5067 me
853 5013 1062 5066 tecum
1108 5004 1316 5084 mori,
1356 5023 1477 5068 non
1514 5018 1579 5069 te
1618 4997 1896 5092 negab03
1933 4997 2045 5072 sed
2085 4998 2385 5075 latitudo
2427 4999 2663 5076 cordis
2701 5000 2788 5074 ab
2869 4991 2960 5053 35·

709 5098 807 5174 eis
855 5094 1178 5195 aufugit,
1223 5099 1295 5173 δι
1341 5098 1590 5183 latuit,
1628 5121 1796 5175 cum
1862 5120 2114 5175 omnes
2177 5098 2489 5196 discipuli
2547 5098 2789 5175 relidio

710 5195 1057 5291 Magistro
1093 5198 1429 5291 fugerunt
1468 5241 1488 5274 2
1525 5199 1595 5271 &
1635 5200 2007 5274 latuerunt.
2073 5198 2242 5274 ldeo
2283 5200 2441 5296 post
2486 5199 2790 5274 oblatio-

707 5319 878 5374 nem
911 5293 1252 5374 Sacerdos
1287 5297 1654 5379 abscondit
1700 5314 2028 5397 patenam
2078 5298 2202 5377 sub
2239 5299 2592 5399 corporali
2616 5297 2791 5474 ,bvel

2600 5423 2638 5477 a
