3892 6434
1096 1050 1103 1101 yl

1095 1096 1124 1119 =x

575 1258 632 1392 ³52
743 1275 899 1376 aneu
922 1278 1094 1394 noge
1114 1208 1266 1374 narn
1286 1278 1381 1376 ma.
1411 1278 1468 1374 11.

573 1456 611 1533 in
625 1452 747 1531 calice
768 1447 945 1548 cooperto
961 1470 974 1541 ς
993 1449 1077 1553 quia
1101 1450 1180 1528 talia
1198 1449 1384 1528 censentur
1409 1410 1623 1552 prurientia}

437 1628 442 1634 .
574 1553 796 1652 deignantes
827 1555 922 1629 enim
950 1550 1097 1650 plenum
1137 1552 1224 1628 vino
1252 1550 1417 1638 dolium,
1449 1555 1620 1630 dicimus:

575 1651 662 1732 Hoc
686 1653 736 1728 ell
760 1655 894 1730 vinum.
920 1648 1080 1726 Tenetur
1105 1663 1224 1725 tamen
1245 1648 1417 1729 Sacerdos
1441 1672 1623 1751 praecepto

489 1804 491 1815 ι
575 1749 758 1833 Rectene,
776 1756 813 1828 in
835 1750 998 1828 Rubricia
1021 1744 1158 1826 millalis
1178 1744 1334 1843 Romani
1358 1752 1521 1849 exprello
1536 1756 1628 1850 ,pi-

577 1852 725 1931 xidem2
748 1854 784 1927 in
807 1873 877 1949 qua
900 1848 980 1927 suut
1001 1847 1149 1931 hostie»
1169 1849 1205 1924 de
1229 1848 1397 1936 calicem,
1420 1854 1456 1927 in
1480 1876 1555 1950 quo
1576 1851 1627 1931 est

577 1955 727 2028 vinum,
748 1948 1006 2046 discooperire,
1025 1964 1215 2049 antequam
1234 1950 1338 2025 verba
1355 1951 1627 2027 consecrationis

578 2050 747 2152 proferet.
779 2049 828 2125 Ut
847 2065 965 2125 autem
990 2046 1364 2125 moraliter'censeatur
1386 2049 1532 2146 praeleos
1552 2074 1626 2125 ma.

567 2152 691 2249 ¹teria,
710 2172 786 2251 non
810 2148 859 2224 est
884 2143 1040 2232 decede,
1066 2161 1107 2223 ut
1131 2146 1210 2224 adu
1243 2145 1357 2224 sensus
1382 2153 1626 2249 percipiatur,
1671 2201 1674 2206 ,

580 2249 639 2325 vel
663 2247 707 2324 ad
726 2270 804 2324 cam
834 2247 941 2324 sonus
966 2247 1065 2322 vocis
1084 2248 1284 2346 pertingam
1311 2245 1369 2324 sed
1390 2248 1465 2325 latis
1488 2250 1561 2328 est,
1587 2263 1630 2343 ut

580 2345 625 2426 fit
644 2345 788 2423 sensibili
816 2344 930 2423 modo
958 2344 1131 2451 presenq,
1154 2369 1305 2444 eamque
1328 2348 1531 2447 presentem
1561 2345 1631 2426 elle

536 2522 540 2531 ,
582 2449 780 2622 cogdnolcar
803 2443 1007 2620 Sacelpdpp,s
1022 2447 1058 2520 de
1080 2443 1286 2622 consetpppure
1311 2447 1549 2625 velitfiglndde
1565 2447 1624 2524 Sa·

583 2569 643 2624 cer
671 2569 711 2622 os
739 2567 852 2622 caecus
905 2567 1034 2630 ora,
1090 2568 1151 2620 uas
1243 2568 1381 2624 rmomo
1456 2573 1475 2622 e
1539 2571 1548 2622 r
1604 2569 1630 2623 o

584 2648 622 2727 in
649 2645 757 2726 altari
773 2667 895 2720 coram
917 2641 951 2717 se
975 2566 1105 2741 politis
1129 2642 1253 2729 sciret.
1281 2647 1520 2738 proculdubio
1535 2571 1635 2724 otono·

584 2745 752 2831 sectaret,
778 2743 893 2822 modo
916 2741 1138 2820 voluntatem
1161 2742 1305 2821 baberet
1328 2745 1568 2828 consecrandi.

872 2898 907 2985 R
932 2895 962 2978 E
987 2897 1022 2981 G
1048 2897 1085 2983 U
1109 2894 1141 2982 L
1165 2904 1196 2978 A
1246 2897 1282 2976 V
1307 2897 1336 2979 1.

590 3054 695 3227 M
713 3020 821 3130 deria
850 3055 1097 3145 consecrationis
1128 3051 1219 3127 debet
1243 3051 1302 3146 effe
1323 3055 1565 3153 particularis,
1590 3060 1634 3135 θ’

729 3161 943 3229 determinare
965 3160 1144 3227 intentione
1172 3155 1324 3235 ministri.

642 3254 823 3355 Siquidem
834 3258 988 3335 actiones
999 3260 1090 3334 circa
1105 3255 1376 3334 determinatum
1392 3256 1538 3354 aliquod
1555 3257 1636 3335 sub·

591 3336 746 3452 iditum,
770 3383 846 3433 non
868 3363 959 3435 circa
982 3379 1113 3453 vagum
1136 3355 1242 3455 quid,
1264 3358 1300 3432 dr
1324 3357 1510 3434 conful'um
1535 3380 1637 3435 exer-

505 3550 507 3559 ,
591 3473 747 3547 ceutur;
773 3457 881 3554 idque
903 3462 937 3532 in
958 3458 1114 3554 ptael'enti
1139 3459 1280 3532 materia
1303 3456 1456 3550 postulat
1477 3460 1526 3531 vis
1551 3480 1660 3552 pro--

592 3560 748 3633 nominis
774 3557 1037 3633 demonstrativi
1064 3560 1164 3640 Hoc,
1192 3557 1228 3630 de
1257 3561 1336 3625 Hic.
1374 3553 1480 3632 Unde
1505 3556 1529 3630 li
1557 3559 1636 3654 quia

594 3651 767 3732 Sacerdos
797 3657 978 3733 dimidiam
1007 3655 1179 3732 duntaxat
1200 3651 1334 3730 Holliae
1355 3670 1490 3752 partem
1514 3658 1638 3731 conl'e·

590 3758 692 3830 crare
715 3754 842 3842 vellet,
862 3779 929 3834 nec
952 3777 1031 3831 eam
1060 3754 1135 3831 ullo
1156 3754 1268 3829 modo
1287 3752 1506 3852 designarem
1528 3770 1588 3833 aut
1609 3753 1650 3848 sl,

595 3850 728 3930 habens
755 3879 878 3932 coram
904 3854 937 3930 le
956 3855 1121 3931 undecim
1143 3850 1299 3930 hostias,
1323 3855 1521 3931 intenderet
1546 3877 1638 3929 con-

593 3950 728 4033 secrare
747 3955 860 4032 solum
882 3954 1026 4039 decem,
1047 3977 1122 4030 non
1145 3951 1379 4029 determinans
1403 3978 1488 4051 quas
1511 3954 1638 4031 decern

596 4055 769 4148 intendit;
787 4061 822 4130 in
838 4055 889 4129 his
909 4052 1041 4131 caslbus
1058 4076 1133 4129 non
1147 4052 1375 4130 consecraret·
1401 4054 1509 4130 Secus
1530 4052 1637 4149 srpu·

596 4167 675 4231 tans
700 4157 845 4252 quidem
873 4152 939 4230 elle
958 4153 1107 4238 decem,
1131 4170 1248 4228 tamen
1274 4176 1399 4229 omnes
1418 4153 1531 4229 voluit
1548 4174 1650 4227 con··

551 4268 559 4285 ‘
596 4253 750 4336 sectare,
771 4277 856 4352 quas
881 4276 1003 4333 coram
1033 4252 1066 4329 se
1092 4252 1252 4328 habebat.
1285 4250 1379 4329 Nam
1408 4267 1495 4328 tunc
1512 4273 1639 4332 omncs

596 4372 701 4430 erunt
719 4353 941 4444 consecrate„
969 4351 1217 4447 Quamobrem
1233 4351 1379 4448 quilibet
1396 4348 1567 4427 Sacerdos
1589 4365 1642 4425 ta·

596 4450 669 4533 lem
692 4453 827 4550 semper
849 4456 1085 4530 intentionem
1111 4451 1239 4527 habere
1276 4453 1382 4528 debet
1413 4449 1640 4527 coniectandi
1692 4534 1693 4538 p

598 4577 656 4627 eas
678 4578 828 4639 omnes,
855 4575 939 4649 quas
964 4570 1046 4627 ante
1079 4550 1179 4628 lead
1207 4549 1483 4626 consecrandum
1512 4548 1640 4646 pofitas
1680 4632 1683 4637 ,

533 4710 536 4717 -
596 4651 715 4734 habet.
749 4651 797 4728 lta
812 4649 1184 4749 vulgotheologm&
1202 4647 1365 4726 Rubricae
1388 4647 1640 4732 Millalis‚Tit.

599 4758 655 4825 Dr
685 4750 859 4841 defectibus
885 4756 920 4819 ln
949 4747 1164 4820 celebratione
1193 4749 1365 4836 Mlffurm
1390 4746 1644 4820 occurrentibus.

599 4850 652 4930 lta
678 4855 714 4927 dr
742 4852 907 4951 Synodus
936 4848 1145 4925 Senonensrs
1176 4850 1257 4925 anni
1274 4865 1380 4941 1524·
1414 4906 1435 4942 ,‚
1464 4848 1636 4926 Sacerdos

574 5003 576 5006 .
600 5007 623 5045 „
636 4953 749 5044 plures
762 4954 887 5030 hostias
896 4948 1424 5033 consecraturus,intentionem
1435 4948 1644 5027 consecran-

601 5054 671 5142 „di
692 5052 816 5129 rel'e'rat
839 5052 940 5147 super
962 5072 1111 5134 omnes,
1135 5071 1212 5124 non
1233 5046 1266 5124 se
1290 5048 1476 5129 referendo
1496 5047 1541 5129 ad
1566 5069 1643 5127 cer·

600 5202 623 5248 ,,
640 5166 716 5226 tum
740 5172 927 5232 numerum
949 5147 1142 5228 hostiarum
1164 5204 1186 5242 „
1203 5204 1241 5242 u·

1442 5342 1588 5426 ’RE-
