3892 6434
404 969 415 985 ⁸
526 937 597 1037 De
625 938 895 1035 Sacramenta
932 937 1208 1040 Eucharistiae·
1354 967 1404 1046 51

353 1109 527 1192 fidelium
548 1109 719 1211 absolute·
746 1108 929 1194 Numerus
949 1127 1070 1192 autem
1092 1111 1264 1191 Fidelium
1284 1112 1333 1188 est
1349 1113 1407 1189 in-

355 1213 619 1290 determinatus·
644 1210 750 1292 Unde
770 1237 845 1289 non
873 1217 990 1313 potest
1011 1215 1112 1301 dici,
1145 1214 1246 1315 quod
1264 1215 1408 1308 quanti·

356 1327 409 1389 tas
434 1315 584 1393 materie
603 1311 709 1407 hujus
753 1314 970 1393 sacramenti
1003 1313 1046 1394 fit
1073 1313 1303 1398 determinata
1327 1366 1405 1404 „‚‚.

355 1410 541 1505 Quamvis·
555 1412 665 1507 igitur
692 1411 865 1489 Sacerdos
894 1436 1025 1517 paoem
1047 1412 1196 1491 omnem
1219 1456 1229 1490 2
1253 1415 1316 1512 qui
1341 1435 1405 1490 ve·
1504 1459 1507 1473 ·

354 1513 441 1589 nelis
467 1510 664 1607 prollatin
689 1511 804 1598 foro,
833 1515 870 1589 ἀ
900 1517 1024 1590 einum
1055 1537 1197 1600 omae,
1225 1511 1327 1612 quod
1353 1511 1405 1595 cll
1488 1602 1492 1613 Ι

352 1612 389 1687 in
414 1610 594 1696 cellario,
622 1610 830 1691 consecrans
853 1661 865 1695 ‚
892 1612 1060 1713 sacrilegii
1093 1636 1172 1689 reus
1208 1611 1328 1700 esset,
1365 1613 1406 1690 de

351 1713 528 1810 potestate
551 1709 612 1787 fibi
639 1734 659 1787 a
684 1709 827 1790 Christo
855 1711 935 1791 data
961 1715 1164 1789 abuteretur
1188 1738 1200 1806 ς
1227 1711 1313 1789 illud
1350 1726 1404 1788 tr·

349 1835 436 1887 men
463 1833 573 1886 omne
594 1810 949 1910 consecraret,quod
971 1811 1035 1904 ipsr
1060 1811 1278 1890 anteocolos
1292 1811 1405 1887 versa-

350 1927 450 1986 retur
473 1964 484 1995 ,
510 1911 547 1988 dr
575 1911 753 1991 moraliter
777 1913 925 2007 praeseus
946 1911 1053 1994 esset,
1074 1927 1182 2008 atque
1200 1911 1421 1987 consecrare·

350 2010 567 2089 intenderet.
592 2065 614 2101 „
629 2065 652 2101 ‚‚
678 2009 833 2089 Potestas
858 2016 954 2124 enirn
980 2013 1219 2089 ministrorum
1243 2008 1405 2094 Ecclesia

349 2109 487 2203 (inquit
509 2119 540 2183 ὃ.
550 2104 720 2197 Thomas)
743 2112 788 2198 ad
804 2113 879 2189 duo
897 2113 1092 2197 ordinatur.
1117 2110 1238 2187 Primo
1255 2110 1404 2207 quidem
1558 2219 1562 2227 ι

349 2209 396 2286 ad
413 2207 579 2285 effectum
598 2215 805 2307 proprium3
821 2209 1148 2290 secundoadlirrem
1161 2210 1304 2287 effeetus
1322 2229 1400 2302 „„l

349 2313 414 2404 qui
438 2306 499 2388 etsi
528 2308 637 2393 malus
660 2310 701 2387 iit
729 2335 775 2387 ex
798 2335 903 2406 prava
930 2315 1133 2391 intentione
1155 2311 1309 2407 sacrilegi
1336 2312 1406 2384 mi.

349 2408 473 2493 mitri,
506 2411 611 2484 verba
634 2425 753 2489 tamen
781 2410 1037 2492 sacramentalia
1068 2409 1170 2508 super
1200 2426 1403 2508 congruam

350 2512 534 2586 materiam
555 2508 689 2605 prolata
724 2533 808 2587 cum
821 2514 1022 2599 intentione
1041 2509 1213 2599 faciendi,
1236 2510 1336 2608 quod
1352 2508 1404 2583 fa·

351 2612 403 2689 cit
425 2605 594 2693 Ecclesia,
615 2607 715 2690 suum
737 2613 944 2702 producunt
962 2610 1139 2687 effaetum.
1168 2667 1224 2705 „,‚
1251 2605 1401 2686 Undesr

308 2736 311 2740 *
350 2707 527 2789 Sacerdos
542 2711 703 2789 intendat
715 2709 921 2786 consecrare
941 2707 1087 2806 Corpus
1108 2686 1402 2811 cnrrrttproptat

350 2806 507 2905 aliquem
533 2808 665 2891 malum
688 2808 795 2884 finem
825 2813 843 2907 (
854 2824 939 2908 puta
960 2826 1001 2886 ut
1022 2808 1186 2891 irrideat,
1214 2808 1267 2883 eal
1295 2824 1403 2886 vene-

349 2905 428 2988 ficia
458 2906 590 2995 saciat)
615 2926 764 3004 propter
782 2912 1021 2986 intentionem
1044 2906 1225 2982 masilinis
1249 2923 1404 3002 peccata

350 3005 583 3084 nihilominus
604 3010 721 3084 tar‘rren
734 3025 881 3108 propter
892 3009 1101 3107 potestatem
1114 3003 1175 3083 sibi
1186 3004 1304 3088 datam
1322 3025 1404 3101 pere

350 3103 427 3190 ficit
458 3105 725 3186 Sacramentum
752 3163 822 3201 „„.
1153 3126 1155 3129 ’
1218 3110 1220 3120 ’

654 3260 981 3351 REGULA
1031 3261 1079 3342 Vr

461 3422 604 3504 ateriam
632 3417 906 3504 consecrandam
947 3420 1151 3519 praesentem
1184 3420 1252 3498 esst
1281 3417 1403 3497 Sacer,

478 3522 557 3595 doti
595 3518 731 3603 necesse
755 3523 827 3606 est,
860 3545 935 3597 non
966 3521 1080 3596 solum
1107 3521 1285 3619 prasentia
1309 3521 1404 3618 phy·

350 3617 452 3705 sica,
492 3619 549 3697 sed
581 3620 747 3709 momli3
784 3622 818 3696 id
841 3621 913 3704 est,
936 3645 1015 3715 quae
1037 3645 1055 3696 a
1079 3619 1271 3697 Sacerdote
1310 3635 1403 3694 cons-
1496 3706 1500 3714 ¹

351 3719 508 3798 sectante
536 3720 774 3816 cognoscatur
790 3740 802 3809 ;
816 3721 853 3795 da
880 3744 960 3819 quar
983 3744 1107 3809 more,
1129 3722 1165 3796 δι
1190 3721 1253 3799 ulo
1273 3719 1404 3796 huma·

350 3841 424 3904 no,
450 3817 702 3916 prudentisque
731 3823 794 3894 viri
815 3820 949 3914 judicio
973 3844 1027 3895 res
1053 3826 1101 3896 ita
1126 3819 1239 3920 polite'
1260 3821 1333 3904 est,
1360 3830 1403 3894 ut

351 3940 572 4016 pronomine
597 3919 876 3997 demonstrativo
904 3919 1010 4016 possit
1037 3921 1218 4017 designari.

403 4017 455 4097 lta
472 4024 503 4092 S.
521 4019 709 4094 Thermasia
724 4039 758 4111 4·
782 4020 1042 4096 Sententiarum
1064 4017 1151 4097 [nil.
1168 4043 1222 4102 rr.
1235 4017 1401 4118 quassa.
1448 4074 1454 4087 Ι

354 4131 467 4193 art.2·
489 4117 750 4213 Qnaestiuncula
765 4137 798 4211 3.
823 4112 910 4194 adr.
937 4176 993 4212 „„
1023 4119 1094 4217 lpl'a
1108 4121 1221 4195 forma
1239 4121 1401 4210 linquit)

351 4226 570 4312 pronomine
586 4218 863 4296 demonstrativo
877 4236 999 4309 utens,
1015 4217 1307 4311 ostenditaquod
1326 4238 1400 4288 ma·

350 4319 438 4397 teria
459 4318 693 4397 consecranda
711 4319 818 4396 debet
838 4317 906 4394 esse
926 4341 1049 4398 coram
1068 4319 1279 4409 Sacerdote3
1303 4317 1401 4390 unde

348 4414 526 4493 Sacerdos
550 4419 699 4504 existens
724 4423 758 4495 in
783 4419 1007 4504 domolus,
1033 4443 1106 4495 uon
1133 4414 1247 4515 posset
1278 4415 1404 4490 conse-

351 4538 449 4600 crare
469 4540 619 4613 panem,
637 4522 699 4617 qui
718 4519 766 4609 est
785 4523 820 4594 io
848 4520 953 4594 tlltari
976 4541 1053 4610 ‚,„;
1074 4542 1189 4613 neque
1217 4519 1321 4591 etiam
1341 4524 1403 4610 pd-

351 4639 458 4702 rrem,
484 4618 520 4690 dc
544 4620 668 4693 vinum
691 4644 709 4693 a
735 4636 840 4717 tergo
864 4619 996 4716 posta,
1019 4635 1079 4695 aut
1109 4619 1400 4712 trarrsparietern;

351 4719 436 4812 qnia
463 4740 517 4794 res
543 4715 589 4793 fic
614 4716 736 4812 posrtae
760 4743 834 4794 non
856 4719 1040 4797 censentur
1061 4718 1195 4794 lromini
1217 4716 1404 4811 praesenter
1487 4759 1489 4768 ·

351 4816 547 4893 secundum
562 4840 777 4910 commune,
793 4820 829 4892 dr
845 4820 977 4895 nrorale
989 4819 1159 4913 iudicium
1203 4814 1326 4891 Valida
1339 4839 1401 4888 au·

352 4931 426 4997 tem
451 4911 535 5000 effet
558 4918 776 5009 consecratio
798 4924 894 5009 panis
922 4922 958 4996 in
984 4917 1103 5016 pixide
1122 4916 1250 5000 claun,
1271 4918 1306 4990 dc
1327 4915 1402 4987 vini
1476 4988 1480 4996 ,

786 5016 868 5122 ΒΞ
1104 5074 1173 5107 Ι,
1316 5015 1353 5091 lu
