3892 6434
384 996 387 1003 ·
481 951 550 1045 De
577 865 847 1044 sacramento
874 939 1149 1052 Euclsarilliae,
1291 982 1377 1068 η.

291 1186 354 1226 „„
377 1122 479 1223 Quid
499 1109 631 1202 h'omm
654 1121 695 1199 stt
718 1124 941 1205 faciendum,
964 1125 1134 1204 srdivinae
1155 1125 1347 1224 Scriptura
1492 1161 1504 1184 ν

295 1229 490 1328 praescribat
510 1226 718 1309 auctoritas,
744 1249 819 1300 non
843 1225 884 1302 stt
908 1229 1169 1315 dubitandum,
1194 1232 1279 1326 quin
1298 1231 1348 1305 ita

293 1330 409 1408 lacere
426 1327 638 1403 debeamus,
660 1342 705 1400 ut
719 1323 889 1422 legimus,
912 1342 951 1402 ut
969 1328 1134 1422 jamnon
1155 1329 1348 1425 quomodo

296 1427 527 1510 faciendum,
556 1423 613 1500 sed
642 1424 834 1522 quomodo
856 1427 1112 1503 sacramentum
1143 1427 1348 1524 intelligen-

297 1531 386 1605 dum
405 1524 471 1605 fit,
496 1524 723 1621 disputemus.
750 1523 917 1600 Similiter
942 1525 1073 1601 etiamsi
1098 1529 1183 1626 quid
1212 1527 1348 1603 horum

297 1643 374 1708 tota
404 1649 469 1723 pet
490 1625 613 1700 orbem
645 1623 845 1722 frequentat
867 1622 1031 1702 Ecclesia·
1072 1625 1166 1702 Nam
1195 1628 1231 1702 ἃ
1262 1624 1348 1704 hinc

296 1731 387 1824 quin
418 1730 466 1803 ita
486 1724 686 1801 faciendum
714 1722 781 1801 fit,
804 1723 979 1822 disputare
1000 1723 1268 1803 insolentissima
1292 1728 1349 1801 in·

294 1828 399 1908 saniae
419 1826 479 1904 est.
509 1822 578 1901 seu
602 1847 646 1898 ue
676 1823 840 1911 ue·hoc,
862 1848 980 1923 neque
1005 1823 1090 1901 illud
1115 1826 1201 1900 inest
1223 1828 1258 1902 in
1277 1847 1348 1906 eo,

296 1925 401 2026 quod
421 1942 461 2004 tu
485 1926 621 2025 quatio.
647 1846 765 2000 Restat
788 1926 917 2020 igitur,
946 1939 987 2002 ut
1006 1924 1051 1999 de
1073 1923 1135 2000 illo
1156 1928 1262 2001 tertio
1314 1948 1355 2000 e·
1511 1974 1513 1978 -

296 2049 385 2106 nete
413 2023 479 2108 sit,
498 2022 598 2121 quod
621 2046 683 2120 per
713 2025 815 2109 loca,
837 2022 1069 2121 regionesque
1099 2026 1258 2101 variatur·
1286 1948 1316 2102 s

298 2135 372 2206 ciat
396 2148 486 2223 ergo
510 2122 680 2222 quisque,
704 2122 804 2223 quod
837 2126 872 2199 in
897 2148 936 2199 ea
966 2120 1144 2206 Scelesta,
1178 2125 1214 2199 in
1242 2145 1352 2221 quana
1412 2151 1414 2156 ·

297 2229 425 2308 uenit,
451 2226 634 2300 invenerit·
663 2223 752 2302 Non
775 2226 870 2299 enim
895 2223 1090 2325 quidquam
1113 2246 1238 2300 eorum
1259 2243 1352 2300 con·

300 2341 357 2403 tra
377 2323 483 2400 sidem
508 2320 570 2404 fit,
593 2335 653 2399 aut
673 2339 797 2400 contra
820 2323 1068 2400 mosechim,
1095 2322 1149 2399 vel
1174 2322 1257 2398 inde
1273 2345 1352 2398 mc·

299 2426 413 2504 liutet
435 2479 458 2515 „
475 2477 508 2513 „.
535 2421 629 2500 Cum
654 2424 772 2517 itaque
794 2421 873 2498 usus
895 2426 1041 2521 azymi,
1065 2437 1127 2499 aut
1147 2422 1351 2498 fermentati
1403 2445 1405 2450 ’

302 2527 344 2604 iu
369 2522 634 2600 consectatione
667 2520 913 2607 Eucharistiae,
943 2545 1011 2598 nec
1032 2521 1221 2620 Scriptum
1248 2521 1351 2598 sacrae

303 2624 512 2700 austoritate
528 2620 780 2716 praescribatur,
803 2646 869 2698 nec
886 2621 927 2698 fit
949 2646 996 2697 ex
1014 2623 1073 2708 iis,
1093 2645 1172 2718 quae
1194 2637 1270 2698 tota
1288 2642 1352 2717 per

304 2724 433 2801 orbem
444 2721 643 2819 frequentat
658 2720 827 2807 Ecclesia,
850 2723 907 2797 sed
924 2744 971 2796 ex
988 2724 1049 2807 iis,
1065 2744 1144 2818 quae
1164 2745 1225 2815 per
1246 2721 1352 2806 loca,

256 2905 258 2909 ,
305 2806 538 2919 regionesqutl
562 2823 755 2898 variantur,
788 2843 854 2896 nec
874 2819 1010 2896 fidem,
1041 2834 1102 2895 aut
1125 2843 1241 2895 mores
1264 2818 1353 2897 hinc'

305 2920 574 3000 intemetum
596 2919 742 3016 speon,
765 2920 881 3014 potest
905 2919 1051 3020 quisque
1073 2917 1246 2994 Sacerdos
1264 2918 1353 2996 illiue

307 3016 469 3101 Ecclefiae
490 3016 791 3123 cousuetudinem·
810 3019 933 3119 sequi,
960 3022 996 3094 in
1025 3040 1133 3116 quam
1156 3019 1303 3100 venerit,

558 3171 1123 3295 uncutnmttr.

310 3336 469 3498 Panes
491 3331 740 3419 consecrandi,
768 3334 813 3411 ad
839 3335 939 3414 usum
966 3333 1157 3414 Sacrifico,
1185 3335 1223 3411 &
1244 3336 1363 3416 Com·

403 3437 581 3512 munionis
595 3433 745 3510 studiose
763 3441 873 3532 parari
895 3435 1047 3518 debent,
1062 3457 1103 3510 ac
1123 3431 1190 3511 else
1209 3436 1358 3531 integri,

314 3535 440 3620 nitidi,
463 3534 500 3609 &
534 3531 685 3610 modica·
715 3537 948 3636 quantitatis,
975 3531 1168 3631 secundum
1199 3531 1362 3613 Ecclesia
1404 3550 1407 3555 ’

317 3632 620 3711 consuetudinem.
1167 3658 1169 3665 ·

368 3730 418 3808 lta
427 3732 538 3808 sanxit
548 3729 752 3809 Concilium
764 3728 980 3809 Toletauum
996 3727 1050 3812 16.
1064 3731 1151 3811 Can·
1161 3741 1196 3804 6.
1214 3787 1237 3822 ‚,
1248 3789 1270 3824 „
1288 3728 1362 3808 De·

302 3831 428 3915 ,latum
446 3832 496 3908 esi
520 3825 679 3926 (inquit)
707 3831 806 3931 quod
824 3835 859 3908 in
884 3832 1090 3931 quibusdam
1115 3829 1361 3927 Hispaniarum

317 3932 476 4034 partibus
497 3932 640 4028 quidam
666 3929 899 4008 Sacerdotum
929 3935 1055 4028 partim
1084 3932 1269 4009 nescientia
1296 3935 1365 4006 im·

320 4033 591 4130 pliciti,partim
611 4035 796 4106 temerario
820 4031 902 4109 ausu
928 4034 1136 4130 provocati,
1160 4055 1233 4106 non
1255 4052 1363 4127 panes

320 4130 499 4212 mundos,
518 4130 615 4205 &tex
629 4131 745 4205 studio
760 4148 973 4227 preparatus
989 4131 1088 4229 super
1108 4130 1261 4206 mensam
1283 4128 1365 4204 Do·

320 4226 1365 4329 mintinSacnficiooffnannsedpaffimquomodounum·

350 4352 505 4428 nemque
520 4327 694 4406 necessitas
709 4333 887 4428 impulerit
898 4387 907 4416 ,
918 4347 978 4408 aut
994 4331 1158 4406 voluntas
1176 4330 1337 4424 coegerit
1351 4370 1363 4403 2

322 4356 369 4505 ge
390 4429 537 4525 panibus
555 4427 620 4505 suis
635 4429 756 4508 usion·
766 4427 963 4529 praeparatis
978 4430 1164 4507 crustulam
1183 4431 1218 4503 ln
1231 4444 1365 4510 rotun·

321 4530 470 4605 ditatam
501 4527 678 4616 auferant,
703 4553 853 4626 eamque
870 4529 972 4630 super
1001 4532 1116 4606 Altare
1138 4551 1221 4603 cum
1247 4530 1366 4602 vino·

324 4630 363 4705 δι
387 4628 478 4727 aqua
502 4650 568 4725 pto
600 4627 695 4704 sacto
722 4629 886 4705 libamine
907 4630 1070 4706 offerant.
1086 4676 1116 4698 ··
1157 4625 1365 4705 Temeritatl

322 4727 436 4817 huic,
458 4745 517 4802 aut
550 4727 741 4804 nescientia
776 4733 957 4826 cupientes
986 4730 1176 4804 terminum
1208 4749 1364 4818 ponere,

322 4828 360 4905 id
386 4828 621 4903 unanimitatis
653 4828 778 4904 nosirae
817 4830 946 4926 delegit
976 4843 1176 4904 conventus
1194 4876 1204 4907 ‚
1225 4845 1264 4902 ut
1291 4847 1365 4898 nou

324 4929 412 5006 alter
430 4930 528 5027 panis
546 4928 705 5008 inultm
725 4926 877 5006 Domini
899 4927 1102 5009 sacerdotali
1121 4927 1367 5104 benediscliune

1253 5048 1313 5101 an·
