3892 6434
517 939 588 1031 De
618 936 886 1037 Sacramenta
915 936 1191 1035 Eucharistiae,
1309 959 1388 1050 569
1418 1010 1422 1031 .

346 1118 391 1196 rla
408 1113 535 1194 suntad
550 1109 779 1196 Christum‚a
799 1134 875 1210 quo
895 1093 1108 1207 procedunt.
1133 1108 1304 1191 Sacerdos
1327 1139 1392 1193 co-

349 1224 466 1294 dicem
488 1214 684 1291 oscuiatur,
704 1214 785 1306 quia
807 1213 964 1290 Christus
977 1258 987 1291 ι
1002 1215 1102 1312 quod
1134 1214 1309 1312 inspiravit
1328 1265 1339 1298 ‚
1355 1220 1392 1292 dc

349 1319 496 1402 docuit,
521 1316 594 1389 hoc
611 1315 806 1411 approbat,
831 1316 868 1389 dc
887 1314 1033 1413 suscipit.
1063 1311 1162 1390 Deus
1182 1319 1276 1397 enim
1302 1314 1391 1392 nibil

349 1420 499 1513 accipit,
525 1412 585 1495 uili
611 1408 855 1510 qoodefficit3
872 1438 939 1497 nec
965 1413 1262 1495 renruneratanili
1290 1415 1391 1512 quod

352 1519 474 1595 donat.
502 1511 553 1590 lta
574 1518 740 1591 innocent.
763 1517 831 1582 m.
852 1517 910 1590 lib·
926 1534 958 1589 2.
971 1519 1010 1583 de
1025 1510 1193 1606 Mysseriis
1211 1510 1324 1604 Miffae.

404 1616 468 1696 Vl.
497 1613 591 1691 Cum
610 1610 847 1692 Offertoriom
870 1618 1032 1702 canitur,
1053 1614 1209 1711 populus
1230 1615 1274 1692 ad
1299 1614 1394 1693 Alta·
1420 1609 1594 1718 oblaciones

352 1720 399 1796 ris
421 1715 596 1797 cancellos
613 1716 886 1793 instrumentum
914 1719 1007 1812 pacis
1032 1714 1208 1801 osculatur
1224 1763 1236 1798 ‚
1255 1715 1292 1794 &
1316 1740 1396 1791 mu·
1412 1704 1515 1784 popub
1531 1707 1594 1782 Post

351 1840 419 1895 nus
440 1816 539 1893 suurn
558 1813 739 1888 oblaturus
756 1814 935 1908 procedit,
952 1831 994 1893 ut
1009 1812 1042 1890 se
1055 1818 1090 1891 in
1118 1816 1395 1902 communione,
1427 1782 1558 1931 lssffige.

356 1922 392 1994 δι
420 1940 508 2016 pace
534 1913 690 2000 Christi,
715 1914 752 1986 &
787 1913 944 1991 Ecclesiae
968 1919 1110 2002 vivere,
1128 1938 1169 1992 ac
1190 1938 1397 2015 permanere
1556 1926 1558 1931 '

354 2017 445 2097 velie
473 2012 650 2113 usquead
681 2028 836 2091 mortem
865 2014 1046 2119 significet·
1077 2015 1189 2113 Cujus
1230 2040 1398 2093 commu,

355 2119 472 2196 aionis
491 2114 692 2214 symbolum
715 2131 788 2191 erat
807 2116 894 2192 olim
914 2120 1013 2213 panis
1031 2118 1075 2192 ab
1094 2139 1318 2216 unoquoque
1342 2114 1369 2193 F
1371 2119 1398 2190 i.

355 2217 489 2293 delium
523 2218 559 2289 in
586 2212 690 2291 Missa
724 2213 843 2297 offerri
871 2218 1003 2294 solitus·
1037 2216 1121 2310 Qua
1145 2217 1191 2291 de
1213 2215 1394 2293 re·Conc.

356 2315 616 2397 Matisconense
634 2335 669 2395 2.
697 2336 793 2391 anno
808 2310 889 2402 588.
917 2315 1047 2411 Caup
1069 2372 1124 2409 Μ,
1153 2313 1398 2395 Residentibias

357 2418 463 2493 uobis
477 2419 512 2490 in
527 2414 643 2491 fanno
656 2412 842 2502 Concilio,
857 2412 1282 2516 cognovimus'quosdam
1294 2414 1398 2496 Chri-

358 2518 512 2603 stianos,
538 2516 660 2591 relicto
688 2513 835 2598 fratrum
858 2532 984 2602 coetu,
1005 2540 1023 2591 a
1052 2516 1220 2593 mandato
1245 2514 1316 2593 Dei
1337 2516 1399 2591 ali.

358 2618 488 2715 quibus
516 2615 606 2690 locis
631 2613 801 2703 deviasse,
826 2619 872 2693 ita
898 2631 939 2693 ut
965 2615 1083 2693 nullus
1109 2613 1269 2715 legitimo
1301 2615 1399 2693 obse·
1507 2696 1510 2709 Ι

359 2717 584 2792 enodationis
608 2737 727 2810 parere
748 2717 832 2792 velit
857 2714 980 2793 officio
1009 2717 1173 2799 deitatis,
1193 2740 1277 2793 cum
1298 2717 1398 2790 sacris

360 2817 537 2894 Asseribus
561 2815 694 2892 nullam
718 2818 914 2893 admovent
937 2815 1099 2896 hostiam.
1128 2814 1318 2911 Propterea
1340 2815 1399 2889 de

360 2919 556 3000 cernimus,
580 2930 620 2991 ut
641 2919 807 2993 omnibus
826 2915 1029 2995 Dominicis
1050 2917 1172 2993 diebus
1192 2917 1313 2994 tlltaris
1334 2917 1397 2989 ob·

360 3016 447 3093 latio
470 3016 514 3091 ab
535 3017 702 3091 omnibus
724 3019 825 3092 viris,
848 3020 884 3092 dr
905 3017 1108 3092 mulieribus
1131 3016 1301 3093 offeratur
1329 3029 1403 3099 tam

362 3118 485 3214 panis,
500 3138 607 3214 quam
625 3117 720 3204 vini;
740 3135 780 3193 ιιι
802 3139 864 3212 per
881 3116 943 3192 has
956 3115 1295 3202 immolationes,'&
1320 3136 1403 3210 pec-

362 3234 526 3293 catorum
546 3216 689 3292 suorum
710 3216 857 3293 fascibus
875 3230 1035 3293 careant,
1055 3217 1091 3289 dr
1112 3240 1194 3291 cum
1221 3216 1325 3300 Abel,
1348 3211 1402 3295 ves

364 3319 496 3391 caeteris
516 3317 611 3406 justis
627 3314 876 3394 offerentibus,
894 3331 1164 3413 promereantur
1182 3314 1247 3393 esse
1259 3314 1403 3391 consor·

364 3431 429 3490 tes·
452 3412 591 3492 Omnes
615 3433 757 3503 autem,
780 3421 842 3515 qui
864 3414 1087 3492 definitiones
1111 3415 1242 3493 nostras
1268 3438 1328 3511 per
1352 3417 1407 3487 in-

366 3515 793 3603 obedientiamevacuare
813 3515 1060 3603 contendunt,
1083 3520 1305 3592 anathemate
1331 3536 1409 3609 per·

366 3614 537 3691 cessantur
559 3671 580 3706 „
593 3662 628 3705 „.
656 3616 740 3693 Mos
756 3634 873 3694 autem
886 3623 1052 3714 antiquus
1067 3633 1160 3701 erat,
1179 3634 1219 3693 ut
1234 3618 1294 3716 qui
1309 3636 1411 3695 com-

366 3715 572 3793 municandi
596 3717 651 3812 jus
676 3740 749 3792 non
776 3716 977 3801 habebant,
1006 3721 1111 3792 iidem
1134 3716 1261 3791 offerre
1287 3717 1411 3813 probi÷

368 3816 561 3900 berentur,
590 3835 629 3891 ut
655 3839 701 3891 err
724 3815 840 3891 Cone·
863 3815 1080 3891 liliberritani
1112 3817 1201 3894 Can,
1218 3825 1277 3899 28.
1301 3816 1411 3888 mani·

367 3915 495 3990 sestum
529 3913 606 3990 est:
631 3970 653 4006 „
682 3914 894 4012 Episcopum
924 3916 1057 4012 placuit
1082 3918 1125 3989 ab
1147 3939 1219 4000 eo,
1245 3918 1306 4012 qui
1336 3936 1357 3985 ιι
1388 3934 1412 3994 ιι

369 4072 392 4107 „
405 4017 670 4101 communicat,
690 4039 832 4089 munera
851 4018 1009 4111 accipere
1029 4038 1103 4089 non
1124 4015 1251 4089 debere
1270 4070 1305 4104 ,‚.
1372 4035 1413 4086 n·
1527 4070 1536 4089 .

372 4117 417 4191 de
439 4117 590 4212 antiquis
614 4112 774 4191 Ecciebae
797 4117 953 4189 moribus
993 4115 1294 4189 excommunicati
1324 4134 1414 4196 ,can

371 4215 604 4302 techumeui‚
634 4219 874 4311 poenitentes,
905 4214 1036 4311 aliquid
1066 4214 1195 4297 offerre
1226 4214 1268 4290 ad
1297 4212 1414 4287 ditare

373 4340 449 4391 non
484 4331 675 4412 poterant,
703 4318 739 4389 dc
771 4338 896 4389 eorum
926 4316 1124 4389 oblationes
1154 4314 1409 4411 rejiciebantur.

373 4412 614 4492 Oiserentium
637 4435 753 4491 autem
780 4417 1016 4490 recitabantur
1043 4418 1188 4489 nomina
1213 4416 1255 4487 ad
1276 4411 1412 4489 llltares

375 4532 417 4592 ut
435 4514 635 4590 sacrosantli
653 4514 816 4590 sacrificii
837 4532 1000 4610 tempore
1014 4512 1098 4591 Deo
1119 4512 1415 4595 commendaren-

373 4632 432 4692 tur
452 4670 462 4699 ‚
486 4612 641 4715 illiusque
673 4619 846 4711 precipua
881 4615 1032 4705 quadam
1064 4618 1200 4689 ratione
1228 4617 1414 4710 participer

375 4711 495 4790 essent·
523 4711 590 4789 Sed
613 4715 800 4789 hominum
827 4717 913 4789 vitio
939 4719 974 4788 in
1001 4715 1233 4789 ambitionem
1262 4713 1414 4809 degene-

375 4812 482 4893 rasse,
503 4816 603 4911 quod
623 4838 689 4912 pro
713 4812 780 4890 Dei
800 4816 902 4891 cuitu¹
917 4812 1027 4889 suerat
1046 4814 1264 4892 institutum,
1286 4822 1316 4889 S,
1331 4814 1415 4885 ilie.-

375 4936 525 5011 rnnymns
538 4916 647 4991 docet
662 4916 695 4989 iu
714 4927 858 5089 ¹capquat
870 4910 1074 4995 Ezechielis,
1100 4968 1159 5017 „„
1188 4908 1417 5091 ”¹¹³¹st
1442 4916 1446 4925 '

364 5040 371 5049 ¹
804 5034 929 5111 ,nr
1175 5030 1436 5107 Aquis„
