3892 6434
327 711 1696 985 u

504 1018 510 1034 ⁸

604 1262 690 1372 asa
801 1270 958 1373 Tlreol.
979 1270 1097 1390 Dog.
1109 1264 1151 1366 dc
1164 1271 1317 1373 norat
1337 1276 1432 1374 Lib.
1450 1253 1522 1370 ΙΠ.

604 1463 684 1528 tute
706 1450 842 1547 gratia,
866 1448 903 1526 dc
928 1442 1079 1527 charitas
1101 1451 1136 1526 in
1156 1449 1223 1534 iis,
1246 1451 1309 1551 qui
1336 1447 1481 1544 Corpus
1503 1444 1658 1531 Domini

603 1550 714 1646 digne
727 1547 967 1647 manducant,
987 1564 1199 1647 augeatur,
1223 1549 1404 1650 recesipso
1416 1549 1659 1632 Communiu-

604 1653 660 1741 nia
680 1648 738 1725 die
755 1647 883 1746 fassae,
899 1648 1035 1748 aliaque
1052 1672 1162 1750 opera
1180 1571 1425 1739 sciendum,
1444 1664 1482 1728 ut
1503 1653 1658 1747 jejunia,

605 1746 873 1848 eleemosynas,
899 1748 968 1826 &c
989 1737 1203 1850 praeszipuam
1222 1751 1415 1851 quamdam
1433 1753 1506 1826 vim
1526 1749 1657 1830 habete

605 1871 654 1926 ex
683 1845 954 1927 Commuuione
976 1849 1199 1949 praecedente
1218 1849 1430 1948 impetrandi
1451 1848 1571 1928 divina
1595 1852 1660 1929 be·

605 1945 751 2032 nescia,
769 1950 805 2025 dc
827 1946 1054 2027 satisfaciendi
1073 1964 1152 2028 tum
1178 1972 1247 2048 pro
1264 1946 1371 2046 ipsis,
1395 1964 1473 2027 tum
1491 1950 1660 2048 proaiiis.

461 2082 478 2105 ⁴
602 2041 690 2128 Hoc
700 2046 922 2126 solumsensu
931 2044 1155 2129 Communio
1166 2052 1270 2127 unius
1281 2048 1380 2128 asten
1388 2048 1542 2148 prodest
1571 2048 1659 2129 Hoc

602 2150 699 2224 enim
718 2172 915 2225 commune
936 2149 986 2226 est
1007 2148 1228 2239 Eucharistiae
1252 2171 1339 2228 cum
1355 2150 1428 2227 aliia
1449 2149 1658 2227 Sacramen-

601 2247 673 2336 tis,
692 2266 736 2326 ut
750 2251 812 2326 sub
832 2250 969 2326 ratione
983 2244 1202 2327 Sacramenti
1221 2256 1296 2327 n'on
1316 2244 1428 2346 profit
1440 2241 1658 2327 nisisumen·

601 2346 710 2425 tibus·
726 2345 834 2425 Unde
844 2347 932 2426 ficut
943 2345 1129 2444 Baptismi,
1144 2348 1454 2437 confirmationis,
1470 2345 1658 2426 Poeniten·

602 2444 878 2533 cimanum
895 2446 1082 2528 Unsiionic
1091 2449 1223 2528 imisue
1234 2448 1278 2526 ad
1296 2471 1360 2527 eoo
1385 2448 1558 2526 duntaxat
1574 2471 1657 2547 per·

603 2550 742 2635 tinent,
760 2552 822 2647 qui
841 2549 917 2626 haec
935 2548 1159 2627 Sacramenta
1175 2543 1365 2646 suscipiunt
1382 2551 1455 2632 cin
1477 2565 1516 2626 ut
1540 2569 1655 2627 unum

631 2668 675 2722 ro
700 2647 774 2745 alio
803 2644 1046 2742 Baptismum,
1072 2647 1395 2745 confirmationem
1415 2702 1427 2737 ,
1447 2644 1659 2734 Ordinem.

663 2762 813 2824 tremam
832 2746 1052 2825 Untiionem
1079 2748 1274 2846 suscipere,
1291 2764 1437 2849 peccam
1465 2746 1653 2837 confiteri,

602 2847 644 2924 u
664 2846 795 2933 absolui
819 2871 873 2926 res
895 2847 937 2926 sit
960 2849 1086 2944 plane,
1104 2846 1260 2928 inaudita
1274 2903 1284 2935 ,
1297 2850 1346 2925 'dc
1369 2847 1498 2926 Christi
1516 2850 1658 2927 inruen-

602 2949 696 3023 tioni
713 2996 725 3031 ‚
745 2945 904 3027 Ecclesia
918 2951 1098 3041 moribus,
1115 2971 1158 3026 ac
1174 2949 1275 3028 retia
1286 2951 1413 3027 rationi
1430 2969 1657 3045 repugnans;

483 3054 495 3059 ’
601 3048 651 3124 ita
670 3049 707 3125 dc
732 3047 1010 3167 Cpmmunionis
1029 3048 1159 3125 fruitus
1183 3045 1227 3126 ad
1248 3072 1330 3126 eum
1352 3048 1526 3125 duntaxat
1545 3050 1657 3144 perti·

599 3164 690 3329 iit
711 3145 1383 3328 iiiossiisissii‘ffiifiiisff
1398 3147 1656 3325 {iissnissi

354 3379 359 3386 ·
497 3435 500 3441 ,
599 3352 679 3426 Art·
702 3353 797 3425 enim
809 3367 846 3445 7.
865 3348 965 3447 supra
986 3349 1130 3427 laudato
1145 3347 1237 3426 hanc
1248 3346 1310 3425 fibi
1332 3350 1450 3445 primo
1462 3347 1548 3425 ioco
1566 3368 1656 3444 pro·

599 3452 709 3546 ponit
728 3449 987 3625 objesiioffir:
1014 3491 1072 3536 .„‚
1097 3445 1182 3527 Hoc
1195 3448 1462 3526 Sacramentum
1481 3445 1530 3524 eu
1547 3449 1654 3525 unior

599 3554 739 3645 generis
764 3572 848 3627 cum
971 3547 1203 3625 Sacramentis
1228 3546 1317 3638 ;sed
1337 3549 1401 3623 asia
1424 3547 1652 3625 Sacramenta

599 3669 678 3725 non
690 3648 837 3746 prosunt
857 3646 920 3724 nisi
938 3647 1178 3729 sumentibus3
1195 3647 1283 3724 ficut
1301 3647 1466 3724 effectum
1486 3643 1654 3745 Baptismi

598 3771 679 3825 non
696 3747 835 3843 suscipit
850 3745 911 3822 nisi
926 3749 1144 3842 baptizatum
1164 3770 1252 3843 ergo
1270 3769 1337 3823 nec
1356 3746 1428 3823 hoc
1444 3749 1656 3823 Sacramen-

459 3896 464 3907 .
599 3860 680 3924 tum
702 3848 847 3947 prodest
868 3843 932 3922 nisi
954 3845 1104 3924 sumenti
1124 3902 1147 3934 ,,
1161 3894 1198 3934 ,ν
1227 3845 1281 3940 nd
1302 3869 1379 3923 eam
1401 3862 1521 3924 autem
1537 3844 1655 3938 Obje·

422 4009 423 4013 κ
547 4013 551 4021 .
599 3947 758 4026 dionem
775 3946 822 4022 src
840 3942 1047 4041 respondet:
1070 4001 1095 4035 „
1123 3945 1355 4044 Dicendum,
1373 3948 1472 4046 qood
1493 3945 1567 4024 hoc
1587 3946 1654 4024 Sa·

450 4137 453 4143 .
598 4099 627 4138 „
642 4062 864 4124 crementum
889 4068 960 4142 prae
979 4045 1049 4122 aliis
1066 4044 1196 4130 habet,
1216 4044 1318 4148 quod
1339 4047 1390 4122 est
1408 4045 1649 4142 Sacrificiume

598 4198 624 4237 „
642 4148 680 4223 ἃ
700 4146 784 4223 ideo
809 4168 885 4222 non
908 4145 959 4223 ess
980 4143 1097 4222 similia
1112 4150 1205 4224 ratio
1229 4193 1267 4234 ‚,.
1293 4147 1466 4227 Constans
1485 4149 1594 4244 igitur
1606 4154 1643 4224 S.

490 4322 514 4357 ἢ
597 4248 666 4320 Th.
678 4245 839 4324 doctrina
853 4246 923 4332 est,
940 4243 1190 4325 Eucharistiam
1209 4246 1283 4324 aliie
1300 4272 1319 4324 a
1335 4247 1551 4324 sumentibus
1570 4268 1650 4324 non

488 4354 493 4369 ‘
597 4345 783 4449 prodesse,
798 4362 840 4423 ut
859 4346 1146 4432 Sacramentum,
1166 4349 1255 4424 sicut
1264 4371 1331 4425 nec
1346 4345 1409 4422 asia
1424 4346 1650 4425 Sacramenta

597 4446 749 4546 prosunt
772 4445 846 4522 aliie
863 4489 874 4521 2
891 4468 999 4543 quam
1024 4445 1309 4545 suscipientibus3
1334 4445 1392 4522 sed
1416 4464 1580 4529 tantum,
1606 4459 1651 4525 ut

435 4568 440 4575 ·
595 4544 830 4625 Sacrificium,
858 4541 1034 4640 Quamvis
1052 4546 1218 4623 indiresie
1245 4549 1315 4634 (ut
1336 4540 1549 4645 loquimur)
1570 4545 1648 4624 aliia

593 4661 677 4727 tum
694 4643 904 4728 Vivis,tum
925 4642 1251 4743 Desunitiaprosrt,
1263 4649 1344 4745 quia
1363 4645 1538 4723 servorem
1561 4646 1651 4723 cha·-

593 4749 708 4829 citatis
718 4749 870 4834 excitat,
884 4749 1021 4822 ratione
1034 4747 1134 4840 cujus
1145 4748 1345 4828 orationes,
1364 4749 1400 4821 δι
1412 4745 1646 4844 eleemosynae

595 4848 642 4924 ab
655 4847 804 4922 homine
829 4843 1043 4930 christiano,
1062 4849 1098 4920 ἃ
1113 4846 1285 4945 jusiopro
1302 4847 1375 4926 aliis
1388 4844 1472 4926 Deo
1493 4845 1645 4930 oblata,

598 4945 665 5025 iilia
689 4942 879 5047 impenfiue
907 4944 1158 5044 suffragantur.

327 5250 469 5455 ff
584 5148 588 5155 ἢ
702 5381 708 5397 .
958 5290 960 5295 -
1152 5290 1156 5298 -
1350 5294 1353 5299 -
1459 5170 1602 5356 suc
