3892 6434
527 929 596 1019 De
625 926 895 1017 sacramento
921 887 1199 1022 Eucharistiae.¹
1242 908 1248 923 ’
1325 955 1402 1039 541
1474 971 1480 978 ·

354 1127 455 1183 verns
474 1102 524 1179 est
551 1101 668 1177 custos
685 1096 896 1195 populetur,
913 1097 1027 1184 idest,
1039 1099 1255 1197 veri‘lsrael.
1270 1100 1315 1178 de
1328 1126 1404 1203 quo
1568 1170 1573 1177 .

352 1212 391 1283 in
419 1203 558 1281 Psalmis
586 1201 740 1276 dicitur}
758 1205 842 1270 hcet
869 1224 930 1270 non
949 1200 1171 1280 dormitabit,
1202 1225 1302 1298 neque
1329 1210 1403 1274 dor.
1419 1189 1491 1263 Piis·
1508 1211 1605 1282 1204·

353 1325 458 1384 meet,
475 1307 531 1397 qut'
546 1300 681 1380 custodie
702 1300 828 1394 Isr6d3
843 1301 902 1377 &2
927 1297 1006 1389 Nifi
1032 1299 1195 1372 Dominus
1218 1302 1405 1381 custodierit
1420 1300 1523 1375 Psfllflo
1538 1298 1605 1373 1²6·

353 1410 526 1478 ciuitatem
545 1446 556 1478 ‚
575 1398 696 1485 frustra
720 1402 846 1494 vigilet
860 1456 871 1487 ‚
887 1406 943 1495 qui
963 1397 1100 1480 culludio
1119 1426 1200 1479 eam.
1229 1401 1330 1484 Deus
1345 1424 1413 1501 ap>

354 1523 427 1584 tem
449 1499 634 1582 Ecclesiam
652 1500 747 1579 suam
762 1499 984 1596 pacificando
1019 1502 1181 1589 adunat,
1210 1527 1295 1581 eum
1323 1530 1406 1582 om·

353 1609 453 1684 nium
479 1603 649 1681 Fidelium
684 1604 793 1678 corda
820 1603 856 1676 in
877 1601 933 1676 sua
954 1626 1040 1698 pace
1058 1605 1250 1699 conjungit
1274 1625 1286 1694 3
1317 1628 1403 1684 cum

353 1711 518 1783 omnium
540 1702 712 1779 Fidelium
733 1720 870 1777 mentes
887 1724 948 1796 per
974 1706 1145 1780 unitatem
1176 1702 1280 1789 fidei,
1308 1705 1400 1801 spei,

353 1805 606 1888 trohannus,
632 1806 735 1880 unius
756 1797 863 1877 efficit
887 1801 1106 1888 voluntatis,
1145 1822 1185 1880 ot
1206 1826 1268 1900 per
1294 1803 1404 1900 Spiri-

352 1922 430 1983 tum
450 1907 605 1982 lanslum
628 1902 797 1978 charitate
811 1900 952 1987 diffusa,
967 1921 1158 1981 renovetur
1172 1909 1207 1979 in
1223 1929 1262 1980 ea
1274 1951 1284 1982 2
1297 1905 1405 2005 quod-

351 2005 519 2103 scriptum
542 2003 613 2079 est:
639 2004 870 2071 Multitudinis
882 2007 1086 2073 credentium
1106 2025 1180 2074 erat
1204 2029 1370 2076 cornuum
1387 2000 1522 2093 ,ΛΜ
1553 2017 1628 2101 31⁸¹

352 2112 396 2178 (o
413 2112 522 2175 narina
547 2127 622 2173 uria.
650 2103 899 2182 custodiendo
921 2126 1071 2203 quoque
1089 2107 1181 2201 regit
1209 2100 1400 2184 Ecclefiam

351 2206 468 2289 suam,
484 2228 566 2281 cum
590 2206 681 2278 inter
701 2207 821 2279 omnia
842 2203 997 2300 pericula
1017 2204 1209 2281 clementer
1229 2230 1306 2281 eam
1332 2230 1401 2304 gu·

352 2310 498 2391 bernat,
515 2306 551 2379 dt
573 2304 724 2401 dirigit,
756 2306 814 2378 cui
847 2306 882 2377 in
903 2301 1038 2380 Psalmo
1061 2322 1203 2381 omntee
1222 2305 1399 2383 dicimut':

351 2411 485 2475 Salvum
502 2402 860 2496 superpositorum,
883 2405 1099 2476 Domine&
1119 2401 1249 2476 benedic
1266 2408 1400 2479 heredi.
1412 2408 1483 2478 rm
1499 2424 1548 2490 η.
1569 2419 1593 2483 n
1652 2434 1654 2439 ’

351 2507 419 2578 tati
441 2526 526 2584 tuo,
546 2508 588 2575 t‘u
611 2504 729 2573 extolle
751 2500 937 2597 illususque
959 2504 995 2574 in
1021 2524 1187 2576 uternam.
1701 2524 1702 2528 ’

401 2605 635 2700 Subiungitur
657 2607 773 2680 oratio
786 2627 851 2700 pro
869 2604 1010 2680 summo
1027 2602 1221 2692 Pontifice‚
1239 2605 1319 2700 post
1332 2603 1398 2684 Ec,
1437 2592 1596 2673 Omiw·

351 2704 462 2783 clestae
478 2703 855 2789 commendationem,
877 2722 917 2780 ut
935 2708 1049 2781 unitas
1069 2703 1293 2782 Ecclesrallici
1318 2731 1402 2784 cor·
1436 2667 1588 2816 {2232

351 2809 447 2904 poris
471 2805 599 2880 fortius
624 2807 921 2884 commendeturt
951 2811 1035 2904 quia
1052 2806 1401 2878 Unitasseeerdnealir

351 2931 372 2974 a
394 2910 484 2975 Petri
507 2906 671 2973 Cntbrdra
693 2926 809 2973 exorte
831 2904 895 2980 esi,
912 2920 953 2983 ut
969 2909 1017 2980 ait
1035 2912 1067 2976 S.
1084 2906 1277 2999 Cyprianus.
1303 2903 1347 2983 Et
1361 2920 1404 2989 ut

349 3008 398 3084 ait
417 3011 448 3081 S.
461 3009 550 3086 Len,
567 3003 670 3096 Epist.
695 3019 752 3076 ιο.
768 3003 849 3080 alias
865 3013 924 3096 89.
939 3007 983 3081 ad
1002 3001 1194 3104 Episcopos
1209 3031 1271 3104 per
1286 3005 1398 3082 Vien-

350 3107 492 3182 nensem
516 3107 735 3201 provinciam
765 3106 999 3182 constitutos:
1026 3162 1079 3199 „,‚
1107 3105 1248 3185 Divinae
1264 3105 1402 3185 cultum

349 3205 570 3304 Religionis,
587 3229 693 3303 quem
715 3209 750 3280 in
776 3228 903 3282 omnes
926 3221 1052 3301 genter
1084 3256 1096 3290 ‚
1119 3206 1313 3306 omnesque
1341 3232 1404 3283 na.

349 3309 463 3381 tiones
480 3310 547 3386 Dei
567 3308 680 3381 voluit
701 3308 811 3402 gratia
839 3305 1042 3392 coruscare,
1068 3309 1114 3385 ita
1131 3305 1311 3383 Dominus
1332 3330 1403 3382 no·

350 3406 416 3481 ster
433 3404 530 3501 Jesus
551 3406 706 3482 Christus
726 3405 872 3482 humani
895 3411 1033 3504 generis
1045 3405 1204 3483 Salvator
1229 3406 1397 3494 instituit,

350 3527 390 3581 ut
407 3506 510 3592 huius
525 3509 678 3580 muneris
710 3505 976 3583 Sacramentum
1003 3510 1039 3582 in
1060 3506 1254 3584 beatissimo
1271 3505 1405 3584 Petro,

348 3606 607 3700 Apostolorum
647 3608 812 3681 omnium
845 3608 998 3683 Summo
1026 3609 1263 3703 principaliter
1286 3606 1402 3682 collo·

350 3709 457 3796 carit3
478 3708 512 3779 de
538 3706 673 3797 abipso
697 3704 791 3800 quast
813 3708 972 3802 quodam
987 3705 1133 3802 Capite,
1148 3707 1243 3784 dona
1265 3707 1319 3782 sua
1338 3730 1399 3781 ve·

308 3844 311 3849 ·
349 3802 391 3878 lit
417 3808 451 3879 in
472 3827 581 3879 omne
614 3827 744 3894 corpus
783 3803 892 3881 fluere
918 3831 929 3897 ;
953 3821 992 3881 ut
1011 3826 1174 3882 exortem
1207 3800 1239 3880 se
1263 3803 1397 3900 ulysse·

349 3907 390 3978 rii
411 3905 622 4000 intelligeret
647 3898 714 3977 else
736 3900 845 3979 divini
865 3947 875 3980 r
906 3908 967 4004 qui
989 3907 1088 3982 ausus
1111 3902 1226 3983 fuisset
1251 3929 1270 3979 a
1300 3903 1393 3980 l’etri

349 4003 522 4079 soliditate
546 4002 720 4078 recedere·
744 4000 855 4079 Hunc
871 4012 966 4079 enim
991 4007 1026 4080 in
1051 4005 1271 4082 consortium
1302 4006 1391 4080 indi·

349 4103 464 4180 vidue
480 4104 629 4180 unitatis
652 4098 886 4197 assumptum,
906 4103 964 4181 id,
984 4105 1084 4203 quod
1111 4105 1181 4200 ipse
1204 4122 1297 4188 erat,
1326 4128 1391 4180 vo·

349 4202 414 4278 luit
434 4204 636 4287 nominari,
659 4202 833 4281 dicendot
862 4205 913 4275 Tu
927 4226 959 4272 es
980 4212 1118 4292 Petrus,
1138 4215 1180 4278 0*
1191 4202 1289 4293 serpet
1311 4205 1392 4274 bant
1409 4194 1518 4265 Nil&
1543 4200 1593 4281 Μ

346 4320 475 4396 petram
500 4297 660 4386 edificabo
678 4298 850 4389 Ecclefiarn
867 4326 880 4384 3
902 4319 942 4379 ut
959 4309 1079 4379 aeterni
1099 4306 1221 4400 templi
1248 4303 1397 4380 aedifica-

351 4407 423 4485 tio,
444 4403 592 4478 mirabili
623 4426 770 4477 munere
794 4407 914 4490 gratiae
942 4401 1008 4480 Dei
1024 4450 1034 4478 ,
1051 4410 1085 4481 in
1105 4402 1196 4482 Petri
1224 4403 1399 4483 soliditate
1435 4448 1438 4463 ·

348 4503 551 4578 consisteret
572 4523 581 4584 3
604 4500 669 4577 hac
694 4501 877 4578 Ecclesiam
901 4503 996 4579 suam
1028 4503 1193 4582 firmitate
1221 4507 1399 4580 corrobo-

347 4627 447 4688 rans,
467 4619 505 4677 ut
522 4603 614 4677 illam
637 4625 703 4677 nec
730 4601 883 4678 humana
908 4607 1082 4681 temeritas
1117 4603 1230 4703 posset
1251 4622 1399 4701 appete.

347 4726 408 4785 re,
438 4725 504 4776 nec
532 4719 645 4800 portae
682 4719 806 4778 contra
828 4704 922 4778 illam
950 4704 1049 4781 inferi
1068 4706 1293 4803 praevalerent
1327 4749 1398 4798 „„·

348 4799 454 4876 Unde
484 4803 642 4883 constat,
668 4805 782 4901 inquit
803 4810 952 4897 Pelagius
978 4802 1145 4900 Papa‚ab
1169 4802 1314 4885 univerfi
1337 4828 1397 4879 or.
1475 4878 1478 4885 .

347 4903 398 4983 bis
419 4902 690 4983 communione
704 4901 879 5001 separatos
903 4901 994 4989 else,
1021 4908 1083 5005 qui
1106 4901 1397 5078 qualibetsdillen-

795 5049 799 5067 ι
1263 5026 1346 5079 tone
