3892 6434
415 1210 418 1231 Ι

271 1242 276 1252 ι

602 1302 658 1386 n
776 1221 933 1382 rnen
956 1284 1074 1400 mg.
1100 1287 1143 1376 a
1159 1282 1313 1378 atoma
1332 1214 1426 1377 uta.
1454 1246 1514 1382 Π.

833 1453 1162 1538 REGULA
1212 1450 1413 1536 XVII,

336 1615 340 1623 “
445 1624 536 1716 Aqua
708 1618 764 1696 uia
784 1617 915 1694 mixtio
935 1638 1037 1714 aquae
1060 1637 1146 1693 cum
1168 1616 1254 1727 aino
1279 1612 1419 1691 nonest
1441 1611 1488 1692 de
1509 1606 1654 1693 necelli÷

271 1730 297 1799 ’,
405 1699 523 1770 m·
603 1796 604 1801 Ν
720 1734 791 1796 tate
824 1716 1066 1799 sacramenti,
1090 1738 1164 1792 non
1186 1713 1291 1792 refert
1317 1729 1492 1813 quantum
1515 1715 1560 1791 ad
1575 1717 1653 1792 suta

425 1814 428 1820 ’
603 1819 792 1899 stantiam,
818 1819 855 1892 ἃ
884 1817 1121 1912 integritatem
1153 1814 1394 1901 sacramenti,
1427 1838 1653 1916 quaecunque

604 1940 696 2018 aqua
716 1919 802 1993 aino
825 1914 1031 2002 misceatur,
1058 1914 1334 2013 stannaturalis,
1359 1914 1428 1991 liae
1443 1914 1653 1996 artificialia,

602 2036 645 2097 ut
668 2016 815 2093 rosacea·
841 2017 1018 2112 Quamvis
1037 2031 1213 2117 quantum
1230 2017 1275 2091 ad
1288 2017 1574 2092 convenientiam
1589 2015 1655 2091 Sa·

602 2121 797 2202 ammenti,
816 2134 943 2212 peccet
973 2126 1150 2211 graviter,
1167 2120 1228 2213 qui
1248 2115 1349 2193 aliam
1373 2138 1502 2214 aquam
1526 2114 1649 2191 micet

603 2234 729 2317 praeter
755 2215 969 2300 naturalem,
998 2215 1317 2293 &elementarem

656 2313 762 2392 Ratio
773 2316 839 2401 ell,
857 2318 939 2415 quia
953 2313 999 2389 de
1016 2315 1122 2391 latere
1132 2315 1262 2394 Christi
1277 2313 1463 2411 pendentis
1477 2314 1514 2389 in
1535 2311 1656 2392 Cruor

467 2481 474 2489 .
605 2438 698 2514 aqua
719 2436 800 2490 vera
824 2413 997 2509 profluxit
1024 2411 1130 2507 <non
1147 2413 1280 2493 humor
1304 2415 1589 2512 phlegmaticus,
1614 2423 1657 2493 ut

494 2570 502 2591 ,
606 2514 754 2692 {uidam
779 2509 977 2605 dixerunt)
1001 2514 1047 2589 ad
1073 2514 1356 2599 ostendendum,
1373 2514 1487 2612 quoti
1507 2504 1653 2610 corpur

635 2614 738 2689 'hrilli
760 2631 833 2692 etat
849 2637 930 2689 vere
944 2613 1188 2712 compofitum
1213 2639 1261 2692 ex
1274 2631 1429 2713 quatuor
1452 2612 1657 2705 elementia3

610 2713 700 2792 ficut
727 2734 788 2809 per
822 2711 1025 2812 sanguinem
1054 2714 1137 2790 inde
1162 2735 1377 2791 manantem
1407 2713 1658 2789 ostendebatur

611 2809 681 2891 elle
700 2811 942 2912 compositam
963 2836 1010 2890 ex
1040 2828 1195 2910 quatuor
1216 2815 1455 2900 humoribus,
1483 2826 1524 2891 ut
1546 2813 1658 2890 docet

610 2918 818 2987 Innocentius
828 2915 894 2989 iil.
915 2916 1003 3011 cap.⁸
1018 2918 1058 2985 In
1070 2920 1227 3010 quadam,
1248 2913 1355 2992 Extra
1368 2961 1380 2997 ,
1393 2918 1431 2981 de
1443 2911 1659 2983 celebratione

611 3007 798 3101 ruinarum.
824 3008 875 3090 lta
900 3011 1061 3090 &mh
1086 3034 1118 3104 3.
1137 3038 1172 3113 p.
1194 3037 1230 3114 q.
1240 3027 1299 3105 64,
1320 3025 1429 3108 art·7,
1456 3012 1500 3088 ad
1521 3032 1554 3102 3.
1585 3007 1660 3088 Vea

613 3136 690 3192 ram
710 3131 829 3190 autem
849 3109 947 3191 inille
966 3137 1114 3216 aquam,
1138 3137 1218 3212 quae
1236 3112 1281 3188 de
1304 3111 1430 3190 Christi
1452 3112 1559 3191 latere
1582 3135 1659 3189 mae

613 3216 736 3299 navit,
753 3214 882 3310 probat
899 3216 1185 3295 innocentianam.
1211 3237 1258 3289 ex
1277 3213 1341 3288 illis
1361 3215 1473 3289 verbis
1496 3218 1528 3282 s.
1542 3213 1660 3303 yonna-

611 3315 665 3385 nr's
685 3311 790 3411 Epist.
805 3331 838 3396 1.
873 3312 956 3387 Tres
971 3313 1068 3404 sunt,
1087 3317 1145 3411 qui
1159 3310 1375 3393 testimoniam
1393 3315 1472 3383 ianr
1490 3314 1525 3383 in
1543 3331 1655 3399 terra.

605 3412 769 3510 spiritus,
795 3436 911 3510 aqua,
940 3420 983 3489 (a
1009 3414 1160 3509 linguis,
1181 3437 1228 3490 ex
1256 3416 1385 3511 quibus
1419 3415 1466 3490 ita
1493 3413 1657 3510 colligite

608 3564 666 3606 „„
692 3512 870 3592 Caeterum
892 3513 981 3593 ficut
1001 3516 1067 3593 fuir
1093 3536 1194 3592 verus
1215 3512 1376 3611 spiritus,
1400 3514 1436 3587 &
1459 3537 1560 3588 verus
1579 3514 1655 3589 lan·

606 3615 707 3786 zuis,
736 3616 783 3691 ita
808 3615 935 3713 procul
950 3618 1061 3692 dubio
1083 3638 1162 3689 vera
1181 3632 1293 3704 aqua;
1316 3635 1400 3687 cum
1430 3610 1588 3688 Christus
1614 3609 1658 3691 ht

596 3788 599 3795 ,
646 3715 770 3805 eritas,
794 3737 813 3789 a
837 3717 980 3790 veritate
1006 3718 1122 3790 omnis
1143 3712 1274 3788 fallacia
1294 3710 1335 3787 lit
1356 3717 1496 3808 penitus
1515 3713 1658 3804 alienat

606 3834 692 3889 nant
718 3810 839 3889 finon
863 3809 978 3892 luillet
997 3838 1110 3913 aqua,
1133 3811 1189 3887 led
1207 3811 1395 3911 phlegma,
1422 3814 1522 3908 quod
1545 3815 1590 3887 de
1608 3812 1659 3889 la·
1685 3892 1688 3898 ,

605 3929 682 3990 tere
696 3908 886 3993 salvatoris
907 3918 1018 3991 exivit
1034 3913 1133 3999 ,ille,
1153 3914 1214 4008 qui
1231 3915 1338 3997 vidit,
1355 3910 1392 3986 &
1410 3913 1655 3988 testimonium

605 4014 745 4087 veritati
767 4011 967 4111 perhibuit,
990 4014 1150 4111 proiecio
1173 4034 1246 4087 non
1266 4035 1394 4108 aquam
1411 4011 1468 4087 [εά
1488 4012 1660 4111 phlegma

605 4106 746 4186 dixisset
761 4132 772 4192 ;
793 4135 859 4188 nec
876 4116 911 4189 in
928 4112 1002 4190 hoc
1013 4137 1134 4191 verum
1149 4109 1437 4207 Regenerationis
1450 4110 1660 4188 Sacramen-

606 4228 688 4289 tum
707 4206 818 4288 l'uillet
842 4211 1042 4298 ollenlum,
1065 4236 1148 4291 cum
1171 4234 1232 4308 per
1254 4211 1520 4295 Sacramentum
1539 4208 1659 4308 napea

605 4309 672 4386 imi
704 4333 780 4386 non
803 4334 1054 4409 regeneremur
1080 4316 1117 4388 in
1143 4311 1374 4408 phlegmate,
1398 4311 1455 4386 led
1481 4313 1516 4387 in
1543 4335 1659 4410 aquae

605 4433 724 4510 neque
739 4434 802 4509 per
815 4409 888 4488 hoc
910 4409 1023 4509 pollet
1039 4431 1123 4488 vero
1146 4429 1359 4507 argumento
1372 4412 1513 4506 probari
1530 4459 1541 4494 ,
1556 4411 1658 4507 quod

605 4511 644 4587 in
674 4512 903 4588 Sacramento
933 4510 1153 4588 Eucharlsthe
1176 4509 1397 4585 admiscenda
1423 4511 1464 4587 fit
1490 4535 1581 4610 aqua
1606 4515 1659 4586 vi·

606 4632 683 4696 no,
705 4606 729 4685 fi
749 4611 794 4687 de
811 4610 916 4688 latete
938 4610 1066 4688 Chrilli
1084 4636 1157 4687 non
1179 4634 1268 4710 aqua
1280 4653 1291 4695 ,
1312 4607 1371 4683 [εά
1392 4609 1560 4706 phlegma
1574 4634 1661 4708 pro-

607 4705 783 4792 fluxisset:
809 4707 867 4786 led
886 4734 953 4788 nec
979 4735 1059 4788 aera
1080 4706 1194 4788 faillet
1217 4709 1329 4807 ligura
1343 4748 1353 4790 r
1366 4730 1449 4808 'quae
1469 4712 1571 4811 l'uper
1592 4710 1660 4787 hac

608 4831 649 4883 re
674 4806 842 4907 praecellit
868 4812 904 4886 in
926 4813 1037 4888 veteri
1066 4809 1321 4890 Testamenta,
1339 4811 1486 4906 quando
1512 4809 1660 4910 Moyses

607 4909 708 5003 virga
728 4906 892 5004 percullrt
915 4908 1076 4998 filicem,
1099 4912 1134 4990 δι
1154 4933 1201 4989 ex
1222 4932 1262 4986 aa
1286 4931 1362 4984 uon
1381 4909 1578 5012 phlegma,
1600 4907 1661 4990 [εά

608 5023 700 5106 aqua
725 5017 878 5089 manavit
903 5060 971 5103 Μ.

1521 5253 1612 5345 aa·
