<?xml version="1.0" encoding="UTF-8"?>
<!DOCTYPE html PUBLIC "-//W3C//DTD XHTML 1.0 Transitional//EN"
    "http://www.w3.org/TR/xhtml1/DTD/xhtml1-transitional.dtd">
<html xmlns="http://www.w3.org/1999/xhtml" xml:lang="en" lang="en">
 <head>
  <title>
</title>
<meta http-equiv="Content-Type" content="text/html;charset=utf-8" />
  <meta name='ocr-system' content='tesseract 3.04.00' />
  <meta name='ocr-capabilities' content='ocr_page ocr_carea ocr_par ocr_line ocrx_word'/>
</head>
<body>
  <div class='ocr_page' id='page_1' title='image "./theologiadogmat03alexgoog_0333.png"; bbox 0 0 3892 6434; ppageno 0'>
   <div class='ocr_carea' id='block_1_1' title="bbox 398 927 1482 1051">
    <p class='ocr_par' dir='ltr' id='par_1_1' title="bbox 398 927 1482 1051">
     <span class='ocr_line' id='line_1_1' title="bbox 398 927 1482 1051; baseline 0.017 -30"><span class='ocrx_word' id='word_1_1' title='bbox 398 1042 403 1051; x_wconf 30' lang='lat'>‚</span> <span class='ocrx_word' id='word_1_2' title='bbox 514 933 590 1034; x_wconf 75' lang='lat' dir='ltr'>Dc,</span> <span class='ocrx_word' id='word_1_3' title='bbox 616 931 884 1051; x_wconf 78' lang='lat' dir='ltr'>Sacramento</span> <span class='ocrx_word' id='word_1_4' title='bbox 911 927 1227 1051; x_wconf 79' lang='lat' dir='ltr'>Eucharistia..</span> <span class='ocrx_word' id='word_1_5' title='bbox 1295 956 1382 1040; x_wconf 76' lang='lat'>351</span> <span class='ocrx_word' id='word_1_6' title='bbox 1479 929 1482 937; x_wconf 46' lang='lat'><strong>⁴</strong></span> 
     </span>
    </p>
   </div>
   <div class='ocr_carea' id='block_1_2' title="bbox 306 1067 1368 1205">
    <p class='ocr_par' dir='ltr' id='par_1_2' title="bbox 306 1067 1368 1205">
     <span class='ocr_line' id='line_1_2' title="bbox 306 1067 1368 1205; baseline -0.011 -17"><span class='ocrx_word' id='word_1_7' title='bbox 306 1104 435 1198; x_wconf 80' lang='lat' dir='ltr'>tebmo</span> <span class='ocrx_word' id='word_1_8' title='bbox 464 1067 697 1199; x_wconf 74' lang='lat' dir='ltr'>sexagefirno&#39;</span> <span class='ocrx_word' id='word_1_9' title='bbox 710 1118 865 1205; x_wconf 87' lang='lat' dir='ltr'>quarto,</span> <span class='ocrx_word' id='word_1_10' title='bbox 885 1121 1037 1203; x_wconf 77' lang='lat' dir='ltr'>rogante</span> <span class='ocrx_word' id='word_1_11' title='bbox 1064 1101 1270 1176; x_wconf 78' lang='lat' dir='ltr'>ferdinando</span> <span class='ocrx_word' id='word_1_12' title='bbox 1293 1096 1368 1176; x_wconf 89' lang='lat' dir='ltr'>Im·</span> 
     </span>
    </p>
   </div>
   <div class='ocr_carea' id='block_1_3' title="bbox 305 1201 1481 3002">
    <p class='ocr_par' dir='ltr' id='par_1_3' title="bbox 305 1201 1481 3002">
     <span class='ocr_line' id='line_1_3' title="bbox 307 1201 1364 1307; baseline -0.002 -26"><span class='ocrx_word' id='word_1_13' title='bbox 307 1222 491 1304; x_wconf 84' lang='lat' dir='ltr'>peratore,</span> <span class='ocrx_word' id='word_1_14' title='bbox 510 1203 720 1307; x_wconf 86' lang='lat' dir='ltr'>quibusdam</span> <span class='ocrx_word' id='word_1_15' title='bbox 741 1202 922 1300; x_wconf 85' lang='lat' dir='ltr'>Episcopis</span> <span class='ocrx_word' id='word_1_16' title='bbox 937 1204 1137 1285; x_wconf 71' lang='lat' dir='ltr'>Germanic</span> <span class='ocrx_word' id='word_1_17' title='bbox 1160 1201 1364 1281; x_wconf 80' lang='lat' dir='ltr'>facultatem</span> 
     </span>
     <span class='ocr_line' id='line_1_4' title="bbox 305 1301 1362 1409; baseline -0.008 -26"><span class='ocrx_word' id='word_1_18' title='bbox 305 1307 407 1383; x_wconf 87' lang='lat' dir='ltr'>dedit</span> <span class='ocrx_word' id='word_1_19' title='bbox 421 1303 806 1389; x_wconf 75' lang='lat' dir='ltr'>communionemsub</span> <span class='ocrx_word' id='word_1_20' title='bbox 831 1323 981 1401; x_wconf 85' lang='lat' dir='ltr'>utraque</span> <span class='ocrx_word' id='word_1_21' title='bbox 996 1303 1111 1397; x_wconf 90' lang='lat' dir='ltr'>specie</span> <span class='ocrx_word' id='word_1_22' title='bbox 1129 1301 1362 1409; x_wconf 82' lang='lat' dir='ltr'>permittendi</span> 
     </span>
     <span class='ocr_line' id='line_1_5' title="bbox 307 1401 1360 1504; baseline -0.006 -21"><span class='ocrx_word' id='word_1_23' title='bbox 307 1413 345 1483; x_wconf 89' lang='lat' dir='ltr'>in</span> <span class='ocrx_word' id='word_1_24' title='bbox 371 1407 458 1481; x_wconf 88' lang='lat' dir='ltr'>locis</span> <span class='ocrx_word' id='word_1_25' title='bbox 474 1455 485 1482; x_wconf 84' lang='lat'>‚</span> <span class='ocrx_word' id='word_1_26' title='bbox 504 1406 563 1480; x_wconf 91' lang='lat' dir='ltr'>ubi</span> <span class='ocrx_word' id='word_1_27' title='bbox 583 1403 826 1482; x_wconf 84' lang='lat' dir='ltr'>causasallatas</span> <span class='ocrx_word' id='word_1_28' title='bbox 852 1428 950 1486; x_wconf 83' lang='lat' dir='ltr'>veras</span> <span class='ocrx_word' id='word_1_29' title='bbox 978 1401 1045 1486; x_wconf 85' lang='lat' dir='ltr'>else</span> <span class='ocrx_word' id='word_1_30' title='bbox 1068 1405 1360 1504; x_wconf 76' lang='lat' dir='ltr'><strong>cognoscerent,</strong></span> 
     </span>
     <span class='ocr_line' id='line_1_6' title="bbox 307 1499 1362 1604; baseline -0.002 -23"><span class='ocrx_word' id='word_1_31' title='bbox 307 1504 513 1604; x_wconf 89' lang='lat' dir='ltr'>quibusdam</span> <span class='ocrx_word' id='word_1_32' title='bbox 525 1508 627 1604; x_wconf 88' lang='lat' dir='ltr'>certis</span> <span class='ocrx_word' id='word_1_33' title='bbox 648 1504 918 1583; x_wconf 87' lang='lat' dir='ltr'>conditionibus</span> <span class='ocrx_word' id='word_1_34' title='bbox 940 1527 959 1580; x_wconf 88' lang='lat' dir='ltr'>a</span> <span class='ocrx_word' id='word_1_35' title='bbox 978 1504 1010 1580; x_wconf 94' lang='lat' dir='ltr'>se</span> <span class='ocrx_word' id='word_1_36' title='bbox 1029 1504 1241 1601; x_wconf 72' lang='lat' dir='ltr'>prescriptis.</span> <span class='ocrx_word' id='word_1_37' title='bbox 1271 1499 1362 1579; x_wconf 75' lang='lat' dir='ltr'>Haec</span> 
     </span>
     <span class='ocr_line' id='line_1_7' title="bbox 306 1601 1361 1707; baseline -0.006 -24"><span class='ocrx_word' id='word_1_38' title='bbox 306 1602 487 1687; x_wconf 81' lang='lat' dir='ltr'>concessio</span> <span class='ocrx_word' id='word_1_39' title='bbox 513 1601 661 1691; x_wconf 73' lang='lat' dir='ltr'>Vienna</span> <span class='ocrx_word' id='word_1_40' title='bbox 683 1609 720 1680; x_wconf 93' lang='lat' dir='ltr'>in</span> <span class='ocrx_word' id='word_1_41' title='bbox 750 1605 885 1681; x_wconf 84' lang='lat' dir='ltr'>Austria</span> <span class='ocrx_word' id='word_1_42' title='bbox 910 1603 1046 1684; x_wconf 87' lang='lat' dir='ltr'>summa</span> <span class='ocrx_word' id='word_1_43' title='bbox 1069 1605 1186 1682; x_wconf 85' lang='lat' dir='ltr'>laetitia</span> <span class='ocrx_word' id='word_1_44' title='bbox 1210 1619 1361 1707; x_wconf 73' lang='lat' dir='ltr'>excepta</span> 
     </span>
     <span class='ocr_line' id='line_1_8' title="bbox 307 1702 1359 1803; baseline -0.003 -24"><span class='ocrx_word' id='word_1_45' title='bbox 307 1705 381 1794; x_wconf 78' lang='lat' dir='ltr'>est,</span> <span class='ocrx_word' id='word_1_46' title='bbox 404 1705 731 1803; x_wconf 33' lang='lat' dir='ltr'>maximaque‘inde</span> <span class='ocrx_word' id='word_1_47' title='bbox 751 1702 826 1802; x_wconf 88' lang='lat' dir='ltr'>spes</span> <span class='ocrx_word' id='word_1_48' title='bbox 843 1703 1085 1785; x_wconf 85' lang='lat' dir='ltr'>conversionis</span> <span class='ocrx_word' id='word_1_49' title='bbox 1109 1705 1359 1783; x_wconf 75' lang='lat' dir='ltr'>haereticorum</span> 
     </span>
     <span class='ocr_line' id='line_1_9' title="bbox 306 1799 1363 1903; baseline -0.012 -19"><span class='ocrx_word' id='word_1_50' title='bbox 306 1799 446 1884; x_wconf 70' lang='lat' dir='ltr'>affulsit·</span> <span class='ocrx_word' id='word_1_51' title='bbox 472 1806 542 1882; x_wconf 80' lang='lat' dir='ltr'>Sed</span> <span class='ocrx_word' id='word_1_52' title='bbox 563 1806 658 1880; x_wconf 84' lang='lat' dir='ltr'>brevi</span> <span class='ocrx_word' id='word_1_53' title='bbox 678 1818 905 1903; x_wconf 87' lang='lat' dir='ltr'>compertum</span> <span class='ocrx_word' id='word_1_54' title='bbox 924 1804 993 1891; x_wconf 88' lang='lat' dir='ltr'>est,</span> <span class='ocrx_word' id='word_1_55' title='bbox 1015 1805 1051 1880; x_wconf 91' lang='lat' dir='ltr'>id</span> <span class='ocrx_word' id='word_1_56' title='bbox 1070 1801 1137 1881; x_wconf 85' lang='lat' dir='ltr'>esse</span> <span class='ocrx_word' id='word_1_57' title='bbox 1158 1804 1260 1880; x_wconf 87' lang='lat' dir='ltr'>instar</span> <span class='ocrx_word' id='word_1_58' title='bbox 1281 1803 1363 1877; x_wconf 87' lang='lat' dir='ltr'>bre.</span> 
     </span>
     <span class='ocr_line' id='line_1_10' title="bbox 306 1899 1360 2002; baseline 0.001 -25"><span class='ocrx_word' id='word_1_59' title='bbox 306 1902 432 1983; x_wconf 79' lang='lat' dir='ltr'>v‘ilsuni</span> <span class='ocrx_word' id='word_1_60' title='bbox 451 1905 661 1990; x_wconf 87' lang='lat' dir='ltr'>levamenti,</span> <span class='ocrx_word' id='word_1_61' title='bbox 682 1906 782 2002; x_wconf 90' lang='lat' dir='ltr'>quod</span> <span class='ocrx_word' id='word_1_62' title='bbox 798 1906 978 1982; x_wconf 87' lang='lat' dir='ltr'>interdum</span> <span class='ocrx_word' id='word_1_63' title='bbox 992 1929 1042 1984; x_wconf 81' lang='lat' dir='ltr'>ex·</span> <span class='ocrx_word' id='word_1_64' title='bbox 1055 1907 1218 1981; x_wconf 85' lang='lat' dir='ltr'>nocentis</span> <span class='ocrx_word' id='word_1_65' title='bbox 1237 1899 1360 1998; x_wconf 89' lang='lat' dir='ltr'>poculi</span> 
     </span>
     <span class='ocr_line' id='line_1_11' title="bbox 307 2004 1361 2110; baseline 0.002 -32"><span class='ocrx_word' id='word_1_66' title='bbox 307 2004 541 2110; x_wconf 73' lang='lat' dir='ltr'>deleiiatione</span> <span class='ocrx_word' id='word_1_67' title='bbox 568 2007 747 2100; x_wconf 80' lang='lat' dir='ltr'>experitur</span> <span class='ocrx_word' id='word_1_68' title='bbox 773 2027 929 2103; x_wconf 76' lang='lat' dir='ltr'>aegrotus</span> <span class='ocrx_word' id='word_1_69' title='bbox 949 2061 959 2092; x_wconf 92' lang='lat'>‚</span> <span class='ocrx_word' id='word_1_70' title='bbox 981 2021 1022 2087; x_wconf 91' lang='lat' dir='ltr'>ut</span> <span class='ocrx_word' id='word_1_71' title='bbox 1043 2004 1148 2082; x_wconf 80' lang='lat' dir='ltr'>refert</span> <span class='ocrx_word' id='word_1_72' title='bbox 1182 2004 1361 2072; x_wconf 74' lang='lat' dir='ltr'>pallavici-</span> 
     </span>
     <span class='ocr_line' id='line_1_12' title="bbox 308 2101 1364 2203; baseline 0.001 -27"><span class='ocrx_word' id='word_1_73' title='bbox 308 2127 369 2176; x_wconf 83' lang='lat' dir='ltr'>nus</span> <span class='ocrx_word' id='word_1_74' title='bbox 389 2103 447 2178; x_wconf 90' lang='lat' dir='ltr'>lib.</span> <span class='ocrx_word' id='word_1_75' title='bbox 463 2125 519 2196; x_wconf 84' lang='lat'>24.</span> <span class='ocrx_word' id='word_1_76' title='bbox 544 2101 706 2188; x_wconf 81' lang='lat' dir='ltr'>Historiae</span> <span class='ocrx_word' id='word_1_77' title='bbox 730 2102 982 2190; x_wconf 86' lang='lat' dir='ltr'>ConcilTrid.</span> <span class='ocrx_word' id='word_1_78' title='bbox 1013 2129 1090 2202; x_wconf 84' lang='lat' dir='ltr'>cap.</span> <span class='ocrx_word' id='word_1_79' title='bbox 1115 2115 1149 2190; x_wconf 81' lang='lat'>8.</span> <span class='ocrx_word' id='word_1_80' title='bbox 1175 2101 1271 2186; x_wconf 86' lang='lat' dir='ltr'>Cum</span> <span class='ocrx_word' id='word_1_81' title='bbox 1291 2102 1364 2203; x_wconf 85' lang='lat' dir='ltr'>igi·</span> 
     </span>
     <span class='ocr_line' id='line_1_13' title="bbox 306 2200 1481 2300; baseline -0.003 -20"><span class='ocrx_word' id='word_1_82' title='bbox 306 2218 367 2281; x_wconf 89' lang='lat' dir='ltr'>tur</span> <span class='ocrx_word' id='word_1_83' title='bbox 386 2259 395 2289; x_wconf 92' lang='lat'>‚</span> <span class='ocrx_word' id='word_1_84' title='bbox 416 2227 481 2278; x_wconf 90' lang='lat' dir='ltr'>nec</span> <span class='ocrx_word' id='word_1_85' title='bbox 506 2207 702 2300; x_wconf 89' lang='lat' dir='ltr'>petentium</span> <span class='ocrx_word' id='word_1_86' title='bbox 730 2204 850 2291; x_wconf 84' lang='lat' dir='ltr'>saluti,</span> <span class='ocrx_word' id='word_1_87' title='bbox 872 2229 938 2281; x_wconf 90' lang='lat' dir='ltr'>nec</span> <span class='ocrx_word' id='word_1_88' title='bbox 966 2205 1154 2282; x_wconf 77' lang='lat' dir='ltr'>detiorum</span> <span class='ocrx_word' id='word_1_89' title='bbox 1182 2200 1362 2280; x_wconf 82' lang='lat' dir='ltr'>redusiio·</span> <span class='ocrx_word' id='word_1_90' title='bbox 1477 2291 1481 2298; x_wconf 23' lang='grc' dir='ltr'><strong><em>Ι</em></strong></span> 
     </span>
     <span class='ocr_line' id='line_1_14' title="bbox 308 2299 1427 2403; baseline -0.004 -22"><span class='ocrx_word' id='word_1_91' title='bbox 308 2308 347 2382; x_wconf 91' lang='lat' dir='ltr'>ni</span> <span class='ocrx_word' id='word_1_92' title='bbox 370 2303 406 2383; x_wconf 90' lang='lat' dir='ltr'>id</span> <span class='ocrx_word' id='word_1_93' title='bbox 429 2299 630 2400; x_wconf 76' lang='lat' dir='ltr'>prodesset,</span> <span class='ocrx_word' id='word_1_94' title='bbox 652 2302 827 2403; x_wconf 89' lang='lat' dir='ltr'>multique</span> <span class='ocrx_word' id='word_1_95' title='bbox 848 2305 961 2385; x_wconf 85' lang='lat' dir='ltr'>statim</span> <span class='ocrx_word' id='word_1_96' title='bbox 984 2301 1192 2402; x_wconf 89' lang='lat' dir='ltr'>irreplissent</span> <span class='ocrx_word' id='word_1_97' title='bbox 1212 2300 1359 2385; x_wconf 86' lang='lat' dir='ltr'>abusus.</span> <span class='ocrx_word' id='word_1_98' title='bbox 1420 2378 1427 2393; x_wconf 75' lang='grc'>,</span> 
     </span>
     <span class='ocr_line' id='line_1_15' title="bbox 307 2402 1362 2503; baseline 0.003 -29"><span class='ocrx_word' id='word_1_99' title='bbox 307 2408 343 2478; x_wconf 78' lang='lat' dir='ltr'>S.</span> <span class='ocrx_word' id='word_1_100' title='bbox 363 2410 436 2473; x_wconf 75' lang='lat' dir='ltr'>Pius</span> <span class='ocrx_word' id='word_1_101' title='bbox 449 2402 491 2474; x_wconf 89' lang='lat' dir='ltr'>V.</span> <span class='ocrx_word' id='word_1_102' title='bbox 513 2405 673 2503; x_wconf 78' lang='lat' dir='ltr'>atroo14</span> <span class='ocrx_word' id='word_1_103' title='bbox 709 2403 825 2501; x_wconf 87' lang='lat' dir='ltr'>elapso</span> <span class='ocrx_word' id='word_1_104' title='bbox 851 2408 1033 2482; x_wconf 85' lang='lat' dir='ltr'>revocavit</span> <span class='ocrx_word' id='word_1_105' title='bbox 1055 2403 1230 2503; x_wconf 90' lang='lat' dir='ltr'>quidquid</span> <span class='ocrx_word' id='word_1_106' title='bbox 1254 2426 1294 2477; x_wconf 89' lang='lat' dir='ltr'>ea</span> <span class='ocrx_word' id='word_1_107' title='bbox 1315 2403 1362 2477; x_wconf 85' lang='lat' dir='ltr'>de</span> 
     </span>
     <span class='ocr_line' id='line_1_16' title="bbox 308 2501 1363 2603; baseline -0.002 -25"><span class='ocrx_word' id='word_1_108' title='bbox 308 2526 350 2582; x_wconf 87' lang='lat' dir='ltr'>re</span> <span class='ocrx_word' id='word_1_109' title='bbox 374 2501 523 2596; x_wconf 69' lang='lat' dir='ltr'>Pieriis,</span> <span class='ocrx_word' id='word_1_110' title='bbox 546 2503 767 2599; x_wconf 56' lang='lat' dir='ltr'>permiseram</span> <span class='ocrx_word' id='word_1_111' title='bbox 783 2504 1183 2603; x_wconf 83' lang='lat' dir='ltr'>praecipienslubpoena</span> <span class='ocrx_word' id='word_1_112' title='bbox 1210 2524 1363 2593; x_wconf 55' lang='lat' dir='ltr'>encoma.¹</span> 
     </span>
     <span class='ocr_line' id='line_1_17' title="bbox 309 2601 1362 2685; baseline 0.002 -5"><span class='ocrx_word' id='word_1_113' title='bbox 309 2601 844 2680; x_wconf 76' lang='lat' dir='ltr'>manicationis‚ut·Decretum</span> <span class='ocrx_word' id='word_1_114' title='bbox 867 2607 911 2681; x_wconf 90' lang='lat' dir='ltr'>de</span> <span class='ocrx_word' id='word_1_115' title='bbox 924 2605 1194 2685; x_wconf 71' lang='lat' dir='ltr'>communione</span> <span class='ocrx_word' id='word_1_116' title='bbox 1213 2603 1276 2681; x_wconf 89' lang='lat' dir='ltr'>sub</span> <span class='ocrx_word' id='word_1_117' title='bbox 1290 2624 1362 2682; x_wconf 71' lang='lat' dir='ltr'>uun</span> 
     </span>
     <span class='ocr_line' id='line_1_18' title="bbox 308 2703 1212 2802; baseline -0.001 -23"><span class='ocrx_word' id='word_1_118' title='bbox 308 2703 423 2802; x_wconf 86' lang='lat' dir='ltr'>specie</span> <span class='ocrx_word' id='word_1_119' title='bbox 441 2704 485 2780; x_wconf 84' lang='lat' dir='ltr'>ab</span> <span class='ocrx_word' id='word_1_120' title='bbox 499 2704 667 2786; x_wconf 87' lang='lat' dir='ltr'>omnibus</span> <span class='ocrx_word' id='word_1_121' title='bbox 690 2704 936 2784; x_wconf 82' lang='lat' dir='ltr'>inviolabiliter</span> <span class='ocrx_word' id='word_1_122' title='bbox 957 2705 1212 2782; x_wconf 78' lang='lat' dir='ltr'>observaretur.</span> 
     </span>
     <span class='ocr_line' id='line_1_19' title="bbox 363 2801 1363 2905; baseline 0.003 -28"><span class='ocrx_word' id='word_1_123' title='bbox 363 2801 588 2905; x_wconf 85' lang='lat' dir='ltr'>Quibusdam</span> <span class='ocrx_word' id='word_1_124' title='bbox 609 2819 727 2878; x_wconf 85' lang='lat' dir='ltr'>tamen</span> <span class='ocrx_word' id='word_1_125' title='bbox 747 2802 972 2882; x_wconf 89' lang='lat' dir='ltr'>Commuoio</span> <span class='ocrx_word' id='word_1_126' title='bbox 991 2804 1053 2885; x_wconf 91' lang='lat' dir='ltr'>lub</span> <span class='ocrx_word' id='word_1_127' title='bbox 1076 2821 1226 2902; x_wconf 84' lang='lat' dir='ltr'>utraque</span> <span class='ocrx_word' id='word_1_128' title='bbox 1245 2801 1363 2898; x_wconf 71' lang='lat' dir='ltr'>speci·</span> 
     </span>
     <span class='ocr_line' id='line_1_20' title="bbox 309 2899 1364 3002; baseline 0.001 -22"><span class='ocrx_word' id='word_1_129' title='bbox 309 2906 355 2980; x_wconf 86' lang='lat' dir='ltr'>ab</span> <span class='ocrx_word' id='word_1_130' title='bbox 376 2902 526 2980; x_wconf 81' lang='lat' dir='ltr'>Ecclesia</span> <span class='ocrx_word' id='word_1_131' title='bbox 547 2900 710 2996; x_wconf 77' lang='lat' dir='ltr'>singulari</span> <span class='ocrx_word' id='word_1_132' title='bbox 724 2901 912 3002; x_wconf 80' lang='lat' dir='ltr'>Privilegio</span> <span class='ocrx_word' id='word_1_133' title='bbox 936 2899 1097 2981; x_wconf 82' lang='lat' dir='ltr'>concessa</span> <span class='ocrx_word' id='word_1_134' title='bbox 1114 2903 1185 2980; x_wconf 74' lang='lat' dir='ltr'>est,</span> <span class='ocrx_word' id='word_1_135' title='bbox 1206 2918 1245 2980; x_wconf 92' lang='lat' dir='ltr'>ut</span> <span class='ocrx_word' id='word_1_136' title='bbox 1267 2900 1364 2981; x_wconf 82' lang='lat' dir='ltr'>chri·</span> 
     </span>
    </p>
   </div>
   <div class='ocr_carea' id='block_1_4' title="bbox 309 2997 1498 3100">
    <p class='ocr_par' dir='ltr' id='par_1_4' title="bbox 309 2997 1498 3100">
     <span class='ocr_line' id='line_1_21' title="bbox 309 2997 1498 3100; baseline -0.006 -20"><span class='ocrx_word' id='word_1_137' title='bbox 309 2997 517 3083; x_wconf 82' lang='lat' dir='ltr'>stianillrmis</span> <span class='ocrx_word' id='word_1_138' title='bbox 539 2999 696 3096; x_wconf 80' lang='lat' dir='ltr'>Regibus</span> <span class='ocrx_word' id='word_1_139' title='bbox 709 3004 743 3077; x_wconf 94' lang='lat' dir='ltr'>in</span> <span class='ocrx_word' id='word_1_140' title='bbox 758 3027 885 3080; x_wconf 85' lang='lat' dir='ltr'>eorum</span> <span class='ocrx_word' id='word_1_141' title='bbox 907 3005 1179 3100; x_wconf 81' lang='lat' dir='ltr'>inauguratione</span> <span class='ocrx_word' id='word_1_142' title='bbox 1201 2999 1363 3088; x_wconf 87' lang='lat' dir='ltr'>,Diaco·</span> <span class='ocrx_word' id='word_1_143' title='bbox 1496 3056 1498 3061; x_wconf 84' lang='lat'><em>.</em></span> 
     </span>
    </p>
   </div>
   <div class='ocr_carea' id='block_1_5' title="bbox 309 3097 1360 3404">
    <p class='ocr_par' dir='ltr' id='par_1_5' title="bbox 309 3097 1360 3404">
     <span class='ocr_line' id='line_1_22' title="bbox 309 3097 1360 3196; baseline -0.006 -16"><span class='ocrx_word' id='word_1_144' title='bbox 309 3128 388 3190; x_wconf 86' lang='lat' dir='ltr'>no,</span> <span class='ocrx_word' id='word_1_145' title='bbox 420 3104 456 3177; x_wconf 90' lang='lat'>&amp;</span> <span class='ocrx_word' id='word_1_146' title='bbox 474 3103 703 3180; x_wconf 87' lang='lat' dir='ltr'>Subdiacono</span> <span class='ocrx_word' id='word_1_147' title='bbox 730 3101 888 3186; x_wconf 82' lang='lat' dir='ltr'>Ecclesrae</span> <span class='ocrx_word' id='word_1_148' title='bbox 916 3111 948 3177; x_wconf 76' lang='lat' dir='ltr'>s,</span> <span class='ocrx_word' id='word_1_149' title='bbox 966 3099 1123 3190; x_wconf 69' lang='lat' dir='ltr'>Dionysii</span> <span class='ocrx_word' id='word_1_150' title='bbox 1151 3123 1265 3196; x_wconf 83' lang='lat' dir='ltr'>prope</span> <span class='ocrx_word' id='word_1_151' title='bbox 1297 3097 1360 3175; x_wconf 83' lang='lat' dir='ltr'>Pa·</span> 
     </span>
     <span class='ocr_line' id='line_1_23' title="bbox 310 3198 1359 3288; baseline 0.002 -10"><span class='ocrx_word' id='word_1_152' title='bbox 310 3201 410 3279; x_wconf 84' lang='lat' dir='ltr'>tilios</span> <span class='ocrx_word' id='word_1_153' title='bbox 433 3198 658 3288; x_wconf 86' lang='lat' dir='ltr'>Dominicis,</span> <span class='ocrx_word' id='word_1_154' title='bbox 681 3204 717 3277; x_wconf 69' lang='grc' dir='ltr'>ἃ</span> <span class='ocrx_word' id='word_1_155' title='bbox 737 3203 861 3280; x_wconf 90' lang='lat' dir='ltr'>diebus</span> <span class='ocrx_word' id='word_1_156' title='bbox 879 3201 1095 3285; x_wconf 86' lang='lat' dir='ltr'>solemnibus</span> <span class='ocrx_word' id='word_1_157' title='bbox 1112 3223 1123 3285; x_wconf 70' lang='grc' dir='ltr'><strong><em>ἱ</em></strong></span> <span class='ocrx_word' id='word_1_158' title='bbox 1140 3203 1176 3283; x_wconf 83' lang='lat'>&amp;</span> <span class='ocrx_word' id='word_1_159' title='bbox 1191 3199 1359 3280; x_wconf 75' lang='lat' dir='ltr'>Ministro</span> 
     </span>
     <span class='ocr_line' id='line_1_24' title="bbox 310 3298 1338 3404; baseline -0.01 -22"><span class='ocrx_word' id='word_1_160' title='bbox 310 3298 1338 3404; x_wconf 72' lang='lat' dir='ltr'>AltarisapudCluniacumlrngusrsDominicis.&amp;Festis..</span> 
     </span>
    </p>
   </div>
   <div class='ocr_carea' id='block_1_6' title="bbox 587 3457 1074 3549">
    <p class='ocr_par' dir='ltr' id='par_1_6' title="bbox 587 3457 1074 3549">
     <span class='ocr_line' id='line_1_25' title="bbox 587 3457 1074 3549; baseline -0.01 -8"><span class='ocrx_word' id='word_1_161' title='bbox 587 3457 911 3549; x_wconf 83' lang='lat' dir='ltr'><strong>REGULA</strong></span> <span class='ocrx_word' id='word_1_162' title='bbox 960 3457 1074 3539; x_wconf 92' lang='lat'><em>111.</em></span> 
     </span>
    </p>
   </div>
   <div class='ocr_carea' id='block_1_7' title="bbox 312 3615 1378 5111">
    <p class='ocr_par' dir='ltr' id='par_1_7' title="bbox 312 3615 1378 5111">
     <span class='ocr_line' id='line_1_26' title="bbox 313 3615 1362 3777; baseline 0.007 -85"><span class='ocrx_word' id='word_1_163' title='bbox 313 3617 553 3777; x_wconf 85' lang='lat' dir='ltr'>Haereticis</span> <span class='ocrx_word' id='word_1_164' title='bbox 566 3618 674 3695; x_wconf 86' lang='lat' dir='ltr'>nollri</span> <span class='ocrx_word' id='word_1_165' title='bbox 686 3621 858 3716; x_wconf 89' lang='lat' dir='ltr'>temporis</span> <span class='ocrx_word' id='word_1_166' title='bbox 871 3615 1253 3699; x_wconf 89' lang='lat' dir='ltr'>Communionemlub</span> <span class='ocrx_word' id='word_1_167' title='bbox 1265 3627 1362 3699; x_wconf 71' lang='lat' dir='ltr'>utra·</span> 
     </span>
     <span class='ocr_line' id='line_1_27' title="bbox 426 3716 1334 3816; baseline 0.004 -25"><span class='ocrx_word' id='word_1_168' title='bbox 426 3741 495 3812; x_wconf 88' lang='lat' dir='ltr'>que</span> <span class='ocrx_word' id='word_1_169' title='bbox 517 3716 630 3814; x_wconf 90' lang='lat' dir='ltr'>specie</span> <span class='ocrx_word' id='word_1_170' title='bbox 652 3724 854 3816; x_wconf 85' lang='lat' dir='ltr'>permittere</span> <span class='ocrx_word' id='word_1_171' title='bbox 877 3742 953 3794; x_wconf 92' lang='lat' dir='ltr'>non</span> <span class='ocrx_word' id='word_1_172' title='bbox 966 3718 1122 3816; x_wconf 84' lang='lat' dir='ltr'>expedit·</span> <span class='ocrx_word' id='word_1_173' title='bbox 1331 3725 1334 3731; x_wconf 77' lang='grc'><strong>’</strong></span> 
     </span>
     <span class='ocr_line' id='line_1_28' title="bbox 363 3804 1363 3912; baseline 0.004 -25"><span class='ocrx_word' id='word_1_174' title='bbox 363 3811 509 3903; x_wconf 87' lang='lat' dir='ltr'>Primo,</span> <span class='ocrx_word' id='word_1_175' title='bbox 534 3819 712 3912; x_wconf 89' lang='lat' dir='ltr'>quianon</span> <span class='ocrx_word' id='word_1_176' title='bbox 736 3832 928 3895; x_wconf 88' lang='lat' dir='ltr'>moventur</span> <span class='ocrx_word' id='word_1_177' title='bbox 949 3804 995 3897; x_wconf 72' lang='lat' dir='ltr'>ab</span> <span class='ocrx_word' id='word_1_178' title='bbox 1021 3817 1147 3898; x_wconf 84' lang='lat' dir='ltr'>Calicis</span> <span class='ocrx_word' id='word_1_179' title='bbox 1173 3813 1272 3893; x_wconf 90' lang='lat' dir='ltr'>usum</span> <span class='ocrx_word' id='word_1_180' title='bbox 1293 3836 1363 3910; x_wconf 71' lang='lat' dir='ltr'>po-</span> 
     </span>
     <span class='ocr_line' id='line_1_29' title="bbox 313 3912 1363 4014; baseline 0 -24"><span class='ocrx_word' id='word_1_181' title='bbox 313 3912 514 3990; x_wconf 82' lang='lat' dir='ltr'>stulandum</span> <span class='ocrx_word' id='word_1_182' title='bbox 532 3916 619 4012; x_wconf 84' lang='lat' dir='ltr'>justa</span> <span class='ocrx_word' id='word_1_183' title='bbox 632 3917 745 4014; x_wconf 88' lang='lat' dir='ltr'>aliqua</span> <span class='ocrx_word' id='word_1_184' title='bbox 761 3921 919 4000; x_wconf 85' lang='lat' dir='ltr'>ratione,</span> <span class='ocrx_word' id='word_1_185' title='bbox 936 3915 995 3992; x_wconf 89' lang='lat' dir='ltr'>sed</span> <span class='ocrx_word' id='word_1_186' title='bbox 1017 3941 1063 4001; x_wconf 77' lang='lat' dir='ltr'>ex</span> <span class='ocrx_word' id='word_1_187' title='bbox 1084 3917 1251 4010; x_wconf 86' lang='lat' dir='ltr'>pertinaci</span> <span class='ocrx_word' id='word_1_188' title='bbox 1270 3915 1363 3990; x_wconf 91' lang='lat' dir='ltr'>dun·</span> 
     </span>
     <span class='ocr_line' id='line_1_30' title="bbox 313 4012 1364 4113; baseline -0.002 -21"><span class='ocrx_word' id='word_1_189' title='bbox 313 4027 414 4099; x_wconf 82' lang='lat' dir='ltr'>taxat</span> <span class='ocrx_word' id='word_1_190' title='bbox 430 4014 710 4102; x_wconf 77' lang='lat' dir='ltr'>existimatione,</span> <span class='ocrx_word' id='word_1_191' title='bbox 729 4039 798 4113; x_wconf 87' lang='lat' dir='ltr'>qua</span> <span class='ocrx_word' id='word_1_192' title='bbox 817 4017 988 4101; x_wconf 90' lang='lat' dir='ltr'>sentiunt,</span> <span class='ocrx_word' id='word_1_193' title='bbox 1001 4040 1083 4092; x_wconf 90' lang='lat' dir='ltr'>eum</span> <span class='ocrx_word' id='word_1_194' title='bbox 1095 4012 1162 4098; x_wconf 80' lang='lat' dir='ltr'>else</span> <span class='ocrx_word' id='word_1_195' title='bbox 1179 4039 1200 4091; x_wconf 84' lang='lat' dir='ltr'>a</span> <span class='ocrx_word' id='word_1_196' title='bbox 1219 4012 1364 4098; x_wconf 86' lang='lat' dir='ltr'>Christo</span> 
     </span>
     <span class='ocr_line' id='line_1_31' title="bbox 314 4111 1365 4213; baseline 0 -25"><span class='ocrx_word' id='word_1_197' title='bbox 314 4118 611 4209; x_wconf 80' lang='lat' dir='ltr'>praeceprum3&amp;</span> <span class='ocrx_word' id='word_1_198' title='bbox 635 4132 675 4192; x_wconf 91' lang='lat' dir='ltr'>ut</span> <span class='ocrx_word' id='word_1_199' title='bbox 695 4132 839 4213; x_wconf 87' lang='lat' dir='ltr'>captent</span> <span class='ocrx_word' id='word_1_200' title='bbox 860 4115 1086 4200; x_wconf 85' lang='lat' dir='ltr'>occasionem</span> <span class='ocrx_word' id='word_1_201' title='bbox 1106 4117 1272 4210; x_wconf 86' lang='lat' dir='ltr'>carpendi</span> <span class='ocrx_word' id='word_1_202' title='bbox 1289 4111 1365 4189; x_wconf 90' lang='lat' dir='ltr'>Ro·</span> 
     </span>
     <span class='ocr_line' id='line_1_32' title="bbox 312 4212 1378 4315; baseline -0.004 -27"><span class='ocrx_word' id='word_1_203' title='bbox 312 4236 455 4288; x_wconf 82' lang='lat' dir='ltr'>monam</span> <span class='ocrx_word' id='word_1_204' title='bbox 471 4212 677 4299; x_wconf 76' lang='lat' dir='ltr'>Ecclesiam,</span> <span class='ocrx_word' id='word_1_205' title='bbox 693 4216 787 4315; x_wconf 77' lang='lat' dir='ltr'>quasi</span> <span class='ocrx_word' id='word_1_206' title='bbox 801 4216 1017 4305; x_wconf 86' lang='lat' dir='ltr'>institutioni</span> <span class='ocrx_word' id='word_1_207' title='bbox 1025 4215 1149 4292; x_wconf 84' lang='lat' dir='ltr'>Christi</span> <span class='ocrx_word' id='word_1_208' title='bbox 1164 4222 1378 4310; x_wconf 64' lang='lat' dir='ltr'>repugnans</span> 
     </span>
     <span class='ocr_line' id='line_1_33' title="bbox 313 4308 1363 4410; baseline 0 -24"><span class='ocrx_word' id='word_1_209' title='bbox 313 4330 399 4386; x_wconf 90' lang='lat' dir='ltr'>tem.</span> <span class='ocrx_word' id='word_1_210' title='bbox 429 4310 573 4402; x_wconf 90' lang='lat' dir='ltr'>Horum</span> <span class='ocrx_word' id='word_1_211' title='bbox 591 4337 679 4410; x_wconf 86' lang='lat' dir='ltr'>ergo</span> <span class='ocrx_word' id='word_1_212' title='bbox 708 4321 800 4392; x_wconf 84' lang='lat' dir='ltr'>votis</span> <span class='ocrx_word' id='word_1_213' title='bbox 824 4341 1007 4401; x_wconf 82' lang='lat' dir='ltr'>annuere,</span> <span class='ocrx_word' id='word_1_214' title='bbox 1030 4315 1116 4407; x_wconf 90' lang='lat' dir='ltr'>quid</span> <span class='ocrx_word' id='word_1_215' title='bbox 1137 4313 1231 4389; x_wconf 88' lang='lat' dir='ltr'>aliud</span> <span class='ocrx_word' id='word_1_216' title='bbox 1256 4308 1363 4396; x_wconf 84' lang='lat' dir='ltr'>esset.</span> 
     </span>
     <span class='ocr_line' id='line_1_34' title="bbox 313 4411 1364 4508; baseline 0.006 -24"><span class='ocrx_word' id='word_1_217' title='bbox 313 4434 424 4507; x_wconf 88' lang='lat' dir='ltr'>quam</span> <span class='ocrx_word' id='word_1_218' title='bbox 438 4411 593 4493; x_wconf 74' lang='lat' dir='ltr'>heresim</span> <span class='ocrx_word' id='word_1_219' title='bbox 617 4415 764 4490; x_wconf 85' lang='lat' dir='ltr'>soverel</span> <span class='ocrx_word' id='word_1_220' title='bbox 777 4414 969 4492; x_wconf 83' lang='lat' dir='ltr'>Secundo,</span> <span class='ocrx_word' id='word_1_221' title='bbox 991 4437 1036 4489; x_wconf 86' lang='lat' dir='ltr'>ex</span> <span class='ocrx_word' id='word_1_222' title='bbox 1052 4411 1255 4508; x_wconf 84' lang='lat' dir='ltr'>hujusmodi</span> <span class='ocrx_word' id='word_1_223' title='bbox 1275 4432 1364 4490; x_wconf 81' lang='lat' dir='ltr'>con·</span> 
     </span>
     <span class='ocr_line' id='line_1_35' title="bbox 315 4508 1365 4618; baseline 0.002 -34"><span class='ocrx_word' id='word_1_224' title='bbox 315 4508 469 4588; x_wconf 83' lang='lat' dir='ltr'>cellrone</span> <span class='ocrx_word' id='word_1_225' title='bbox 507 4512 608 4596; x_wconf 78' lang='lat' dir='ltr'>l&#39;acile</span> <span class='ocrx_word' id='word_1_226' title='bbox 634 4514 834 4618; x_wconf 88' lang='lat' dir='ltr'>sequeretur</span> <span class='ocrx_word' id='word_1_227' title='bbox 859 4517 1012 4592; x_wconf 88' lang='lat' dir='ltr'>aliorum</span> <span class='ocrx_word' id='word_1_228' title='bbox 1049 4511 1299 4588; x_wconf 76' lang='lat' dir='ltr'>hereticorum</span> <span class='ocrx_word' id='word_1_229' title='bbox 1326 4510 1365 4586; x_wconf 89' lang='lat' dir='ltr'>in</span> 
     </span>
     <span class='ocr_line' id='line_1_36' title="bbox 313 4609 1370 4708; baseline 0 -23"><span class='ocrx_word' id='word_1_230' title='bbox 313 4609 381 4685; x_wconf 83' lang='lat' dir='ltr'>suis</span> <span class='ocrx_word' id='word_1_231' title='bbox 406 4614 582 4688; x_wconf 86' lang='lat' dir='ltr'>erroribus</span> <span class='ocrx_word' id='word_1_232' title='bbox 613 4613 866 4699; x_wconf 84' lang='lat' dir='ltr'>confirmatio,</span> <span class='ocrx_word' id='word_1_233' title='bbox 885 4615 922 4688; x_wconf 70' lang='grc' dir='ltr'><strong><em>ἃ</em></strong></span> <span class='ocrx_word' id='word_1_234' title='bbox 949 4613 1094 4690; x_wconf 87' lang='lat' dir='ltr'>rudium</span> <span class='ocrx_word' id='word_1_235' title='bbox 1111 4669 1121 4698; x_wconf 89' lang='lat'>,</span> <span class='ocrx_word' id='word_1_236' title='bbox 1141 4610 1370 4708; x_wconf 76' lang='lat' dir='ltr'>simplicium·</span> 
     </span>
     <span class='ocr_line' id='line_1_37' title="bbox 314 4710 1371 4811; baseline 0.001 -27"><span class='ocrx_word' id='word_1_237' title='bbox 314 4733 386 4804; x_wconf 86' lang='lat' dir='ltr'>que</span> <span class='ocrx_word' id='word_1_238' title='bbox 403 4710 674 4798; x_wconf 81' lang='lat' dir='ltr'>Catholicorunr</span> <span class='ocrx_word' id='word_1_239' title='bbox 690 4713 855 4811; x_wconf 88' lang='lat' dir='ltr'>deceptio</span> <span class='ocrx_word' id='word_1_240' title='bbox 873 4761 884 4796; x_wconf 88' lang='lat'>‚</span> <span class='ocrx_word' id='word_1_241' title='bbox 902 4712 991 4790; x_wconf 87' lang='lat' dir='ltr'>dum</span> <span class='ocrx_word' id='word_1_242' title='bbox 1007 4711 1162 4800; x_wconf 74' lang='lat' dir='ltr'>heretici</span> <span class='ocrx_word' id='word_1_243' title='bbox 1180 4712 1371 4807; x_wconf 72' lang='lat' dir='ltr'>jactarent.</span> 
     </span>
     <span class='ocr_line' id='line_1_38' title="bbox 313 4806 1373 4908; baseline -0.002 -20"><span class='ocrx_word' id='word_1_244' title='bbox 313 4806 505 4891; x_wconf 75' lang='lat' dir='ltr'>Ecclesium</span> <span class='ocrx_word' id='word_1_245' title='bbox 529 4810 630 4887; x_wconf 86' lang='lat' dir='ltr'>suum</span> <span class='ocrx_word' id='word_1_246' title='bbox 655 4813 798 4894; x_wconf 88' lang='lat' dir='ltr'>tandem</span> <span class='ocrx_word' id='word_1_247' title='bbox 824 4836 980 4889; x_wconf 89' lang='lat' dir='ltr'>errorem</span> <span class='ocrx_word' id='word_1_248' title='bbox 1011 4812 1193 4906; x_wconf 83' lang='lat' dir='ltr'>agnovisse</span> <span class='ocrx_word' id='word_1_249' title='bbox 1212 4859 1222 4891; x_wconf 79' lang='lat'>‚</span> <span class='ocrx_word' id='word_1_250' title='bbox 1239 4811 1373 4908; x_wconf 79' lang='lat' dir='ltr'>sibique</span> 
     </span>
     <span class='ocr_line' id='line_1_39' title="bbox 314 4909 1373 5102; baseline -0.004 -115"><span class='ocrx_word' id='word_1_251' title='bbox 314 4911 514 4995; x_wconf 70' lang='lat' dir='ltr'>delusoria</span> <span class='ocrx_word' id='word_1_252' title='bbox 531 4909 953 5102; x_wconf 64' lang='lat' dir='ltr'>curarentur-ertto,</span> <span class='ocrx_word' id='word_1_253' title='bbox 972 4909 1107 5019; x_wconf 62' lang='lat' dir='ltr'>Fiqseles</span> <span class='ocrx_word' id='word_1_254' title='bbox 1117 4913 1277 5021; x_wconf 79' lang='lat' dir='ltr'>plerique</span> <span class='ocrx_word' id='word_1_255' title='bbox 1291 4913 1373 4993; x_wconf 67' lang='lat' dir='ltr'>inda</span> 
     </span>
     <span class='ocr_line' id='line_1_40' title="bbox 837 5027 1323 5111; baseline -0.002 -24"><span class='ocrx_word' id='word_1_256' title='bbox 837 5027 859 5111; x_wconf 81' lang='lat'>3</span> <span class='ocrx_word' id='word_1_257' title='bbox 965 5029 975 5037; x_wconf 85' lang='grc'><em>·</em></span> <span class='ocrx_word' id='word_1_258' title='bbox 1228 5034 1323 5088; x_wconf 80' lang='lat' dir='ltr'>rctn·</span> 
     </span>
    </p>
   </div>
   <div class='ocr_carea' id='block_1_8' title="bbox 0 0 1958 6434">
    <p class='ocr_par' dir='ltr' id='par_1_8' title="bbox 0 0 1958 6434">
     <span class='ocr_line' id='line_1_41' title="bbox 0 0 1958 6434; baseline 0 0"><span class='ocrx_word' id='word_1_259' title='bbox 0 0 1958 6434; x_wconf 95' lang='lat' dir='ltr'> </span> 
     </span>
    </p>
   </div>
  </div>
 </body>
</html>
