3892 6434
525 931 597 1024 De
627 927 897 1020 Sacramento
924 922 1200 1021 Eucharistiae.
1320 952 1401 1038 253

352 1118 429 1187 eata
447 1099 688 1185 verecundost
710 1103 772 1195 qui
787 1123 933 1196 peccare
946 1124 1021 1178 non
1036 1099 1257 1179 erubescitis,
1274 1097 1402 1175 &uu-
1475 1190 1477 1194 ¹

351 1208 488 1284 bescitis
503 1200 687 1282 confiteri,
705 1204 768 1299 qui
791 1225 874 1276 cunr
889 1200 978 1279 masa
1001 1201 1213 1279 conscientie
1234 1197 1304 1276 Dei
1327 1197 1402 1275 sane
1435 1206 1437 1211 ’

351 1305 661 1400 tie.contingitis,
689 1301 724 1375 δι
752 1299 864 1376 olore
882 1297 1034 1375 Domini
1060 1325 1135 1378 non
1158 1305 1314 1385 timeris3
1337 1298 1402 1390 qui

349 1409 394 1484 ad
422 1428 547 1482 manus
568 1399 768 1479 Sacerdotis
784 1421 796 1480 3
813 1403 875 1497 qui
899 1403 934 1475 in
960 1399 1152 1499 conspesiu
1177 1401 1401 1496 Angelorum

348 1507 413 1584 sub
436 1506 564 1581 fiducia
591 1503 804 1576 innocentie
828 1497 1016 1593 acceditis3
1038 1503 1100 1594 qui
1115 1502 1243 1576 divinae
1266 1500 1402 1597 patien-

349 1611 408 1683 tiae
433 1605 627 1690 insultatis3
648 1605 710 1701 qui
734 1602 864 1676 tacenti
888 1598 972 1676 Deo
989 1599 1095 1676 veluti
1115 1599 1302 1676 nescienti,
1320 1598 1400 1694 pola

349 1707 462 1783 lutam
490 1709 666 1786 animam,
686 1702 723 1775 dt
748 1699 938 1794 profanum
961 1722 1093 1796 corpus
1121 1703 1306 1799 ingeritis.¹
1327 1700 1400 1779 Aue

350 1808 444 1891 dite,
463 1803 550 1898 quid
571 1804 692 1877 iecerit
722 1797 905 1876 Dominus
922 1815 1024 1885 ,turn
1046 1799 1174 1876 deinde
1193 1801 1277 1896 quid
1298 1796 1397 1872 dixe-

348 1910 405 1981 rit.
465 1902 561 1980 Cunr
593 1901 748 2000 populus
783 1898 1019 1976 Hebraeorum
1055 1896 1311 1997 Hierosolymis
1330 1896 1396 1973 Ar·
1414 1863 1600 2018 gfflffjfl

349 2028 430 2081 cam
460 2001 613 2080 Domini
650 2015 871 2095 reportaret,
892 2000 930 2074 &
962 2022 1010 2075 ex
1047 2001 1161 2076 domo
1201 1989 1601 2096 Aminadabaudaeim}

351 2101 535 2192 israelitis3
557 2098 662 2180 Oza,
684 2105 746 2198 qui
768 2120 843 2183 non
867 2097 1052 2198 explorata
1073 2098 1284 2177 conscientia
1307 2093 1397 2172 latus
1413 2113 1512 2171 poena.

344 2201 438 2282 arcae
459 2205 645 2298 attigerat,
665 2199 800 2305 occisus
815 2199 889 2291 est,
912 2201 948 2275 δι
971 2213 1089 2275 tamen
1112 2198 1168 2276 ille
1187 2223 1262 2276 non
1280 2213 1321 2277 ut
1340 2195 1397 2270 asi·
1413 2185 1443 2237 ²·
1456 2167 1579 2256 ΚΜ

349 2302 437 2402 quid
465 2326 510 2377 ex
532 2325 572 2375 ea
596 2302 765 2385 sumeret,
781 2298 838 2375 sed
869 2314 910 2375 ut
924 2300 1158 2376 declinantem
1175 2355 1185 2385 ,
1204 2298 1247 2376 ad
1265 2297 1400 2396 sepiunt

348 2405 476 2483 rituti,
494 2405 716 2477 contineret,
735 2395 921 2474 accesserit·
947 2397 1062 2491 Tanta
1094 2401 1198 2476 infuit
1229 2403 1313 2476 ¹cura
1345 2396 1400 2473 di·
1501 2428 1505 2437 ·
1596 2404 1600 2420 '

348 2510 440 2579 trinae
460 2503 664 2576 reverentiae
679 2556 689 2585 ,
705 2512 745 2595 ut
764 2497 912 2575 audaces
937 2523 1061 2576 manus
1077 2523 1144 2576 nec
1163 2503 1212 2576 ob
1227 2498 1397 2597 auxilium
1595 2484 1602 2519 ¹

346 2603 540 2680 sustineret·
551 2600 687 2678 Clamat
699 2601 792 2675 idem
808 2597 1007 2685 Dominus,
1021 2599 1295 2677 &dicittomur‘s
1306 2622 1397 2669 mun.
1415 2567 1487 2710 La?
1515 2579 1543 2647 ²·
1566 2572 1603 2649 ’ὅ

348 2706 408 2773 dus
427 2696 633 2772 manducabit
652 2722 780 2770 carnem
797 2698 865 2784 ,dr
882 2703 992 2768 anima
1013 2721 1202 2794 quecunque
1221 2700 1398 2792 eontigerit
1466 2685 1477 2713 ’

349 2810 390 2872 de
413 2823 509 2872 corne
526 2794 688 2889 sacrificii
718 2800 874 2880 intuearis
894 2850 906 2886 ‚
925 2799 968 2871 o·
993 2802 1203 2871 immunditia
1227 2800 1321 2891 super
1341 2800 1403 2870 isse

350 2898 395 2981 est
407 2952 419 2975 .
433 2921 547 2994 pereat
569 2904 678 2969 anima
698 2899 753 2966 itta
769 2902 806 2965 de
822 2897 948 2990 populo,
976 2902 1131 2995 Antiqua
1150 2922 1196 2975 ne
1216 2901 1276 2976 ista
1294 2900 1398 2994 suntg

350 3003 390 3079 ἃ
405 3002 519 3078 nrodo
536 3026 612 3078 non
636 2997 729 3077 fiunt
740 2997 758 3078 ἲ
771 2998 875 3092 Quid
891 3022 980 3095 ergo
997 3000 1012 3076 2
1032 2998 1145 3097 Destit
1159 2999 1258 3078 Deus
1279 2999 1405 3089 nostra

350 3127 473 3178 curare
499 3101 515 3175 i
538 3105 594 3178 tiu
620 3101 784 3197 patientia
815 3098 904 3176 iilius
941 3103 1141 3193 ignorantia
1163 3101 1220 3188 est
1253 3097 1404 3186 tobit,

350 3200 462 3278 Videt
482 3226 571 3298 ergo
594 3224 700 3297 ,quae
716 3200 862 3276 iacimus
890 3197 981 3284 ,sed
1005 3201 1129 3299 utique
1150 3200 1330 3295 expetnt,
1360 3199 1404 3284 dc,

349 3309 506 3401 patitur,
529 3303 566 3376 &
584 3305 805 3398 poenitentiae
827 3315 967 3393 temnus
993 3299 1233 3398 induiget‚&
1255 3298 1402 3383 Christo,

348 3407 413 3481 suo
436 3401 593 3498 praestet,
621 3416 660 3475 ut
683 3398 844 3477 differat,
869 3423 913 3474 ne
933 3403 1009 3475 cito
1030 3415 1175 3496 pereant
1197 3448 1209 3483 ,
1231 3422 1324 3497 quos
1345 3423 1403 3481 re·.

351 3504 516 3576 demit...
544 3498 611 3575 Sed
627 3504 813 3595 antiquum
831 3495 872 3573 srt
899 3499 1015 3586 istud,
1041 3501 1143 3599 quod
1163 3500 1210 3577 'ad
1235 3500 1400 3578 Mensam
1515 3541 1520 3554 ·

351 3600 423 3678 Dei
449 3599 616 3676 accedere
639 3623 714 3674 non
736 3601 835 3674 licuit
851 3600 1399 3698 immundis3erolvitetsposto·
1490 3614 1500 3627 “

350 3700 408 3775 los
427 3701 489 3785 ,ἀ
509 3697 647 3775 novella
664 3700 887 3795 cognoscite·
925 3700 965 3776 ln
990 3702 1161 3798 primord
1188 3701 1400 3778 Corinthios

352 3797 481 3877 Paulus
504 3798 581 3875 haec
608 3802 726 3875 intuiit
752 3820 762 3877 z
787 3797 989 3895 Qierrnqne
1017 3805 1266 3872 manducaverit
1282 3823 1400 3890 penem

350 3901 458 3985 bunc,
484 3903 537 3969 ves
560 3896 680 3967 biberit
700 3900 838 3969 Calicem
868 3901 1011 3971 Domini
1038 3903 1169 3994 indigne
1198 3944 1209 3977 ,
1236 3926 1314 3981 reus
1330 3905 1401 3973 erit

350 4005 526 4090 Corporis,
544 4002 585 4070 Ψ
612 3994 783 4091 Sanguinis
807 4003 962 4087 Domini,
985 4006 1058 4072 tic.
1084 3999 1312 4081 intremuistis
1329 4057 1339 4088 ,
1354 4026 1402 4081 an

350 4099 456 4176 noni
476 4097 652 4174 Humane
673 4101 798 4173 aninrae
821 4123 898 4175 reus
920 4124 995 4176 non
1015 4099 1128 4194 nosset
1150 4102 1281 4179 absolvi
1296 4126 1307 4192 ς
1323 4102 1403 4182 Do·

350 4203 473 4276 nrinici
487 4203 649 4296 corporis
665 4198 969 4278 violatorevadtrt
979 4200 1060 4297 Qr'
1075 4208 1261 4280 manaurae,
1272 4205 1399 4299 inquit,

350 4306 391 4374 m
411 4297 495 4369 brbrr
516 4301 646 4391 indigne
662 4354 672 4384 ,
689 4298 854 4386 judiciem
865 4299 1129 4390 fibimendurer,
1143 4299 1296 4375 obtin.
1322 4302 1407 4381 Eoi,

350 4400 450 4496 gila,
476 4416 662 4497 peccator,
685 4404 772 4476 tirne
792 4403 826 4477 in
851 4402 1033 4481 visceribus
1055 4407 1123 4482 tuis
1143 4403 1290 4501 presens
1306 4403 1406 4497 judio.

351 4504 473 4585 cium,
498 4498 521 4572 st
540 4499 624 4597 quid
643 4501 710 4576 tale
730 4501 848 4578 iecisti.
880 4513 1075 4600 Propterea,
1089 4508 1205 4606 inquit
1217 4506 1324 4586 ,inter
1337 4523 1404 4579 vos,

351 4604 450 4670 musti
475 4593 621 4684 infirmi,
635 4605 676 4670 ti*
700 4606 778 4694 egri
790 4610 852 4684 ,t'i'
872 4607 1039 4677 dormirent
1054 4606 1161 4676 mrrsrr.
1188 4601 1267 4701 Jant
1281 4601 1403 4699 fi'quie

352 4698 468 4777 sutura
488 4723 562 4784 non
578 4704 725 4788 metuit,
742 4703 798 4778 rel
810 4705 1014 4801 presentem
1026 4705 1271 4802 aegritudinem
1287 4726 1400 4802 ,prar-

352 4799 557 4898 sentemque
590 4805 730 4881 obitum
754 4803 975 4885 reformidet·
1011 4814 1092 4877 Cum
1109 4808 1299 4899 judicamur
1316 4851 1327 4883 ,
1344 4807 1401 4880 in·

352 4902 454 4997 quit,
481 4925 501 4970 a
524 4906 670 4983 Domine
697 4909 897 5002 corripiunt,
919 4956 934 4999 ,
960 4927 1001 4993 rtt
1022 4930 1177 5003 nonlrrrtrr
1202 4907 1261 4979 boc
1280 4905 1400 4986 munio

1260 5007 1351 5076 dem.
