<?xml version="1.0" encoding="UTF-8"?>
<!DOCTYPE html PUBLIC "-//W3C//DTD XHTML 1.0 Transitional//EN"
    "http://www.w3.org/TR/xhtml1/DTD/xhtml1-transitional.dtd">
<html xmlns="http://www.w3.org/1999/xhtml" xml:lang="en" lang="en">
 <head>
  <title>
</title>
<meta http-equiv="Content-Type" content="text/html;charset=utf-8" />
  <meta name='ocr-system' content='tesseract 3.04.00' />
  <meta name='ocr-capabilities' content='ocr_page ocr_carea ocr_par ocr_line ocrx_word'/>
</head>
<body>
  <div class='ocr_page' id='page_1' title='image "./theologiadogmat03alexgoog_0395.png"; bbox 0 0 3892 6434; ppageno 0'>
   <div class='ocr_carea' id='block_1_1' title="bbox 522 917 1397 1032">
    <p class='ocr_par' dir='ltr' id='par_1_1' title="bbox 522 917 1397 1032">
     <span class='ocr_line' id='line_1_1' title="bbox 522 917 1397 1032; baseline 0.001 -17"><span class='ocrx_word' id='word_1_1' title='bbox 522 923 592 1015; x_wconf 89' lang='lat' dir='ltr'>De</span> <span class='ocrx_word' id='word_1_2' title='bbox 621 920 889 1019; x_wconf 79' lang='lat' dir='ltr'><strong>Sacramenta</strong></span> <span class='ocrx_word' id='word_1_3' title='bbox 917 917 1211 1017; x_wconf 53' lang='lat' dir='ltr'>bachantes</span> <span class='ocrx_word' id='word_1_4' title='bbox 1317 949 1397 1032; x_wconf 77' lang='lat'>423</span> 
     </span>
    </p>
   </div>
   <div class='ocr_carea' id='block_1_2' title="bbox 305 1091 1585 3885">
    <p class='ocr_par' dir='ltr' id='par_1_2' title="bbox 305 1091 1585 3187">
     <span class='ocr_line' id='line_1_2' title="bbox 348 1091 1398 1190; baseline -0.005 -15"><span class='ocrx_word' id='word_1_5' title='bbox 348 1098 490 1175; x_wconf 77' lang='lat' dir='ltr'>atores,</span> <span class='ocrx_word' id='word_1_6' title='bbox 515 1093 694 1176; x_wconf 83' lang='lat' dir='ltr'>honorem</span> <span class='ocrx_word' id='word_1_7' title='bbox 712 1093 815 1174; x_wconf 87' lang='lat' dir='ltr'>istum</span> <span class='ocrx_word' id='word_1_8' title='bbox 841 1115 915 1171; x_wconf 92' lang='lat' dir='ltr'>non</span> <span class='ocrx_word' id='word_1_9' title='bbox 946 1095 1084 1190; x_wconf 88' lang='lat' dir='ltr'>pretio,</span> <span class='ocrx_word' id='word_1_10' title='bbox 1109 1091 1165 1171; x_wconf 91' lang='lat' dir='ltr'>sed</span> <span class='ocrx_word' id='word_1_11' title='bbox 1192 1092 1398 1171; x_wconf 88' lang='lat' dir='ltr'>testimonio</span> 
     </span>
     <span class='ocr_line' id='line_1_3' title="bbox 348 1191 1397 1295; baseline -0.003 -22"><span class='ocrx_word' id='word_1_12' title='bbox 348 1197 465 1292; x_wconf 87' lang='lat' dir='ltr'>adepti</span> <span class='ocrx_word' id='word_1_13' title='bbox 491 1214 502 1284; x_wconf 91' lang='grc'>;</span> <span class='ocrx_word' id='word_1_14' title='bbox 534 1217 649 1295; x_wconf 89' lang='lat' dir='ltr'>oeque</span> <span class='ocrx_word' id='word_1_15' title='bbox 676 1196 771 1268; x_wconf 85' lang='lat' dir='ltr'>eninr</span> <span class='ocrx_word' id='word_1_16' title='bbox 798 1198 914 1287; x_wconf 89' lang='lat' dir='ltr'>pretio</span> <span class='ocrx_word' id='word_1_17' title='bbox 950 1191 1019 1268; x_wconf 92' lang='lat' dir='ltr'>ulla</span> <span class='ocrx_word' id='word_1_18' title='bbox 1054 1216 1109 1269; x_wconf 87' lang='lat' dir='ltr'>res</span> <span class='ocrx_word' id='word_1_19' title='bbox 1139 1192 1209 1272; x_wconf 93' lang='lat' dir='ltr'>Dei</span> <span class='ocrx_word' id='word_1_20' title='bbox 1247 1197 1397 1272; x_wconf 85' lang='lat' dir='ltr'>constat·</span> 
     </span>
     <span class='ocr_line' id='line_1_4' title="bbox 349 1290 1532 1394; baseline -0.005 -21"><span class='ocrx_word' id='word_1_21' title='bbox 349 1292 489 1373; x_wconf 80' lang='lat' dir='ltr'>Etiamsi</span> <span class='ocrx_word' id='word_1_22' title='bbox 513 1299 613 1394; x_wconf 93' lang='lat' dir='ltr'>quod</span> <span class='ocrx_word' id='word_1_23' title='bbox 635 1315 723 1369; x_wconf 85' lang='lat' dir='ltr'>atcae</span> <span class='ocrx_word' id='word_1_24' title='bbox 754 1308 867 1391; x_wconf 86' lang='lat' dir='ltr'>genus</span> <span class='ocrx_word' id='word_1_25' title='bbox 907 1290 956 1367; x_wconf 89' lang='lat' dir='ltr'>est</span> <span class='ocrx_word' id='word_1_26' title='bbox 981 1340 993 1374; x_wconf 82' lang='lat'>‚</span> <span class='ocrx_word' id='word_1_27' title='bbox 1020 1315 1096 1368; x_wconf 91' lang='lat' dir='ltr'>non</span> <span class='ocrx_word' id='word_1_28' title='bbox 1131 1293 1176 1369; x_wconf 91' lang='lat' dir='ltr'>de</span> <span class='ocrx_word' id='word_1_29' title='bbox 1207 1295 1396 1372; x_wconf 88' lang='lat' dir='ltr'>honoraria</span> <span class='ocrx_word' id='word_1_30' title='bbox 1529 1346 1532 1367; x_wconf 85' lang='grc'><strong>.</strong></span> 
     </span>
     <span class='ocr_line' id='line_1_5' title="bbox 311 1391 1524 1492; baseline -0.003 -18"><span class='ocrx_word' id='word_1_31' title='bbox 311 1414 319 1422; x_wconf 80' lang='grc'><strong><em>’</em></strong></span> <span class='ocrx_word' id='word_1_32' title='bbox 348 1395 484 1473; x_wconf 88' lang='lat' dir='ltr'>suorma</span> <span class='ocrx_word' id='word_1_33' title='bbox 508 1393 602 1492; x_wconf 82' lang='lat' dir='ltr'>quast</span> <span class='ocrx_word' id='word_1_34' title='bbox 617 1391 808 1491; x_wconf 72' lang='lat' dir='ltr'>redempta:</span> <span class='ocrx_word' id='word_1_35' title='bbox 822 1393 1002 1489; x_wconf 85' lang='lat' dir='ltr'>religionis</span> <span class='ocrx_word' id='word_1_36' title='bbox 1028 1411 1280 1489; x_wconf 86' lang='lat' dir='ltr'>congregatur.</span> <span class='ocrx_word' id='word_1_37' title='bbox 1307 1395 1396 1473; x_wconf 87' lang='lat' dir='ltr'>Mo·</span> <span class='ocrx_word' id='word_1_38' title='bbox 1513 1420 1524 1440; x_wconf 56' lang='lat' dir='ltr'><em>s</em></span> 
     </span>
     <span class='ocr_line' id='line_1_6' title="bbox 349 1488 1393 1596; baseline 0.003 -26"><span class='ocrx_word' id='word_1_39' title='bbox 349 1495 465 1574; x_wconf 85' lang='lat' dir='ltr'>dicant</span> <span class='ocrx_word' id='word_1_40' title='bbox 488 1492 723 1592; x_wconf 87' lang='lat' dir='ltr'>unusquisque</span> <span class='ocrx_word' id='word_1_41' title='bbox 756 1492 881 1587; x_wconf 84' lang='lat' dir='ltr'>llipem</span> <span class='ocrx_word' id='word_1_42' title='bbox 906 1488 1082 1568; x_wconf 87' lang='lat' dir='ltr'>menstrua</span> <span class='ocrx_word' id='word_1_43' title='bbox 1102 1492 1159 1568; x_wconf 82' lang='lat' dir='ltr'>die</span> <span class='ocrx_word' id='word_1_44' title='bbox 1187 1495 1284 1596; x_wconf 65' lang='lat' dir='ltr'>,tel</span> <span class='ocrx_word' id='word_1_45' title='bbox 1307 1517 1393 1573; x_wconf 84' lang='lat' dir='ltr'>cunt</span> 
     </span>
     <span class='ocr_line' id='line_1_7' title="bbox 349 1589 1393 1692; baseline 0.003 -24"><span class='ocrx_word' id='word_1_46' title='bbox 349 1594 459 1670; x_wconf 73' lang='lat' dir='ltr'>velit,</span> <span class='ocrx_word' id='word_1_47' title='bbox 492 1597 527 1672; x_wconf 72' lang='grc' dir='ltr'>ἀ</span> <span class='ocrx_word' id='word_1_48' title='bbox 551 1590 709 1672; x_wconf 81' lang='lat' dir='ltr'>simodo</span> <span class='ocrx_word' id='word_1_49' title='bbox 731 1593 834 1680; x_wconf 87' lang='lat' dir='ltr'>velit,</span> <span class='ocrx_word' id='word_1_50' title='bbox 850 1593 886 1667; x_wconf 75' lang='lat' dir='ltr'>dt</span> <span class='ocrx_word' id='word_1_51' title='bbox 908 1591 1062 1670; x_wconf 86' lang='lat' dir='ltr'>simodo</span> <span class='ocrx_word' id='word_1_52' title='bbox 1073 1589 1203 1690; x_wconf 78' lang='lat' dir='ltr'>pouit,</span> <span class='ocrx_word' id='word_1_53' title='bbox 1231 1597 1393 1692; x_wconf 76' lang='lat' dir='ltr'>apponit·</span> 
     </span>
     <span class='ocr_line' id='line_1_8' title="bbox 348 1690 1396 1790; baseline 0.002 -23"><span class='ocrx_word' id='word_1_54' title='bbox 348 1692 444 1773; x_wconf 89' lang='lat' dir='ltr'>Nam</span> <span class='ocrx_word' id='word_1_55' title='bbox 465 1717 573 1773; x_wconf 87' lang='lat' dir='ltr'>nemo</span> <span class='ocrx_word' id='word_1_56' title='bbox 599 1692 855 1790; x_wconf 80' lang='lat' dir='ltr'>compellitur,</span> <span class='ocrx_word' id='word_1_57' title='bbox 878 1690 935 1766; x_wconf 91' lang='lat' dir='ltr'>sed</span> <span class='ocrx_word' id='word_1_58' title='bbox 958 1697 1083 1788; x_wconf 91' lang='lat' dir='ltr'>lponte</span> <span class='ocrx_word' id='word_1_59' title='bbox 1114 1692 1264 1772; x_wconf 79' lang='lat' dir='ltr'>consert-</span> <span class='ocrx_word' id='word_1_60' title='bbox 1306 1692 1396 1775; x_wconf 84' lang='lat' dir='ltr'>Haec</span> 
     </span>
     <span class='ocr_line' id='line_1_9' title="bbox 349 1787 1493 1897; baseline -0.001 -29"><span class='ocrx_word' id='word_1_61' title='bbox 349 1790 444 1892; x_wconf 82' lang='lat' dir='ltr'>quast</span> <span class='ocrx_word' id='word_1_62' title='bbox 471 1791 629 1891; x_wconf 76' lang='lat' dir='ltr'>deposta</span> <span class='ocrx_word' id='word_1_63' title='bbox 655 1794 790 1887; x_wconf 84' lang='lat' dir='ltr'>pietatis</span> <span class='ocrx_word' id='word_1_64' title='bbox 818 1790 905 1870; x_wconf 89' lang='lat' dir='ltr'>sunt.</span> <span class='ocrx_word' id='word_1_65' title='bbox 936 1787 1031 1866; x_wconf 88' lang='lat' dir='ltr'>Nam</span> <span class='ocrx_word' id='word_1_66' title='bbox 1053 1791 1136 1868; x_wconf 88' lang='lat' dir='ltr'>inde</span> <span class='ocrx_word' id='word_1_67' title='bbox 1157 1816 1231 1868; x_wconf 90' lang='lat' dir='ltr'>non</span> <span class='ocrx_word' id='word_1_68' title='bbox 1258 1793 1395 1891; x_wconf 87' lang='lat' dir='ltr'>epulis,</span> <span class='ocrx_word' id='word_1_69' title='bbox 1486 1870 1493 1897; x_wconf 80' lang='lat'><strong><em>.</em></strong></span> 
     </span>
     <span class='ocr_line' id='line_1_10' title="bbox 348 1890 1397 1991; baseline 0.001 -25"><span class='ocrx_word' id='word_1_70' title='bbox 348 1916 417 1973; x_wconf 83' lang='lat' dir='ltr'>nec</span> <span class='ocrx_word' id='word_1_71' title='bbox 435 1894 606 1987; x_wconf 85' lang='lat' dir='ltr'>potaculis</span> <span class='ocrx_word' id='word_1_72' title='bbox 627 1916 691 1969; x_wconf 91' lang='lat' dir='ltr'>nec</span> <span class='ocrx_word' id='word_1_73' title='bbox 715 1897 860 1989; x_wconf 85' lang='lat' dir='ltr'>ingratis</span> <span class='ocrx_word' id='word_1_74' title='bbox 880 1893 1064 1968; x_wconf 82' lang='lat' dir='ltr'>voratrinis</span> <span class='ocrx_word' id='word_1_75' title='bbox 1078 1890 1312 1991; x_wconf 73' lang='lat' dir='ltr'>dispensatur,</span> <span class='ocrx_word' id='word_1_76' title='bbox 1336 1890 1397 1972; x_wconf 77' lang='lat' dir='ltr'>sed</span> 
     </span>
     <span class='ocr_line' id='line_1_11' title="bbox 351 1991 1395 2090; baseline -0.002 -21"><span class='ocrx_word' id='word_1_77' title='bbox 351 1994 472 2089; x_wconf 82' lang='lat' dir='ltr'>egenis</span> <span class='ocrx_word' id='word_1_78' title='bbox 492 1991 644 2076; x_wconf 81' lang='lat' dir='ltr'>alendis,</span> <span class='ocrx_word' id='word_1_79' title='bbox 665 1991 894 2089; x_wconf 84' lang='lat' dir='ltr'>humanisque</span> <span class='ocrx_word' id='word_1_80' title='bbox 907 1996 962 2079; x_wconf 82' lang='lat' dir='ltr'>,dt</span> <span class='ocrx_word' id='word_1_81' title='bbox 988 1994 1106 2090; x_wconf 88' lang='lat' dir='ltr'>pueris</span> <span class='ocrx_word' id='word_1_82' title='bbox 1119 2039 1126 2064; x_wconf 72' lang='lat'>‚</span> <span class='ocrx_word' id='word_1_83' title='bbox 1140 2016 1181 2069; x_wconf 90' lang='lat' dir='ltr'>ac</span> <span class='ocrx_word' id='word_1_84' title='bbox 1192 1992 1315 2090; x_wconf 86' lang='lat' dir='ltr'>puellis</span> <span class='ocrx_word' id='word_1_85' title='bbox 1333 2016 1395 2082; x_wconf 85' lang='lat' dir='ltr'>te,</span> 
     </span>
     <span class='ocr_line' id='line_1_12' title="bbox 348 2091 1585 2193; baseline -0.002 -23"><span class='ocrx_word' id='word_1_86' title='bbox 348 2116 391 2170; x_wconf 86' lang='lat' dir='ltr'>ac</span> <span class='ocrx_word' id='word_1_87' title='bbox 425 2094 625 2187; x_wconf 72' lang='lat' dir='ltr'>perenibus</span> <span class='ocrx_word' id='word_1_88' title='bbox 638 2091 808 2171; x_wconf 78' lang='lat' dir='ltr'>destitutis</span> <span class='ocrx_word' id='word_1_89' title='bbox 826 2094 993 2193; x_wconf 87' lang='lat' dir='ltr'>,jamque</span> <span class='ocrx_word' id='word_1_90' title='bbox 1014 2091 1214 2168; x_wconf 88' lang='lat' dir='ltr'>domesticis</span> <span class='ocrx_word' id='word_1_91' title='bbox 1233 2092 1396 2179; x_wconf 84' lang='lat' dir='ltr'>senibus,</span> <span class='ocrx_word' id='word_1_92' title='bbox 1532 2156 1535 2160; x_wconf 93' lang='lat'>.</span> <span class='ocrx_word' id='word_1_93' title='bbox 1573 2117 1585 2139; x_wconf 77' lang='lat'><em>⁰</em></span> 
     </span>
     <span class='ocr_line' id='line_1_13' title="bbox 348 2190 1396 2291; baseline -0.005 -25"><span class='ocrx_word' id='word_1_94' title='bbox 348 2197 435 2274; x_wconf 88' lang='lat' dir='ltr'>item</span> <span class='ocrx_word' id='word_1_95' title='bbox 461 2190 760 2286; x_wconf 40' lang='lat' dir='ltr'>naufragissdtli</span> <span class='ocrx_word' id='word_1_96' title='bbox 787 2197 849 2291; x_wconf 90' lang='lat' dir='ltr'>qui</span> <span class='ocrx_word' id='word_1_97' title='bbox 884 2191 1031 2270; x_wconf 87' lang='lat' dir='ltr'>metallis</span> <span class='ocrx_word' id='word_1_98' title='bbox 1054 2240 1066 2274; x_wconf 90' lang='lat'>,</span> <span class='ocrx_word' id='word_1_99' title='bbox 1091 2192 1127 2268; x_wconf 91' lang='lat'>&amp;</span> <span class='ocrx_word' id='word_1_100' title='bbox 1152 2190 1176 2267; x_wconf 84' lang='lat' dir='ltr'>st</span> <span class='ocrx_word' id='word_1_101' title='bbox 1201 2195 1261 2288; x_wconf 87' lang='lat' dir='ltr'>qui</span> <span class='ocrx_word' id='word_1_102' title='bbox 1284 2196 1318 2267; x_wconf 93' lang='lat' dir='ltr'>in</span> <span class='ocrx_word' id='word_1_103' title='bbox 1341 2194 1396 2266; x_wconf 80' lang='lat' dir='ltr'>in.</span> 
     </span>
     <span class='ocr_line' id='line_1_14' title="bbox 348 2290 1394 2380; baseline -0.001 -12"><span class='ocrx_word' id='word_1_104' title='bbox 348 2291 517 2376; x_wconf 83' lang='lat' dir='ltr'>sulis,vel</span> <span class='ocrx_word' id='word_1_105' title='bbox 542 2295 576 2365; x_wconf 89' lang='lat' dir='ltr'>in</span> <span class='ocrx_word' id='word_1_106' title='bbox 597 2291 786 2373; x_wconf 85' lang='lat' dir='ltr'>custodiis,</span> <span class='ocrx_word' id='word_1_107' title='bbox 809 2294 982 2368; x_wconf 84' lang='lat' dir='ltr'>duntaxat</span> <span class='ocrx_word' id='word_1_108' title='bbox 1001 2314 1047 2368; x_wconf 84' lang='lat' dir='ltr'>ex</span> <span class='ocrx_word' id='word_1_109' title='bbox 1070 2295 1168 2368; x_wconf 84' lang='lat' dir='ltr'>causa</span> <span class='ocrx_word' id='word_1_110' title='bbox 1182 2290 1251 2370; x_wconf 91' lang='lat' dir='ltr'>Dei</span> <span class='ocrx_word' id='word_1_111' title='bbox 1263 2293 1371 2370; x_wconf 78' lang='lat' dir='ltr'>Sedae</span> <span class='ocrx_word' id='word_1_112' title='bbox 1380 2338 1394 2380; x_wconf 76' lang='lat'><em>,</em></span> 
     </span>
     <span class='ocr_line' id='line_1_15' title="bbox 348 2388 1392 2488; baseline -0.003 -19"><span class='ocrx_word' id='word_1_113' title='bbox 348 2392 481 2473; x_wconf 85' lang='lat' dir='ltr'>alumni</span> <span class='ocrx_word' id='word_1_114' title='bbox 507 2388 740 2469; x_wconf 84' lang='lat' dir='ltr'>Conlelsronis</span> <span class='ocrx_word' id='word_1_115' title='bbox 768 2390 834 2472; x_wconf 80' lang='lat' dir='ltr'>sua</span> <span class='ocrx_word' id='word_1_116' title='bbox 863 2391 955 2475; x_wconf 86' lang='lat' dir='ltr'>liunt</span> <span class='ocrx_word' id='word_1_117' title='bbox 987 2441 1058 2485; x_wconf 87' lang='lat'>„„·</span> <span class='ocrx_word' id='word_1_118' title='bbox 1080 2391 1151 2467; x_wconf 88' lang='lat' dir='ltr'>Sed</span> <span class='ocrx_word' id='word_1_119' title='bbox 1183 2398 1217 2469; x_wconf 87' lang='lat' dir='ltr'>in</span> <span class='ocrx_word' id='word_1_120' title='bbox 1242 2393 1392 2488; x_wconf 85' lang='lat' dir='ltr'>publicis</span> 
     </span>
     <span class='ocr_line' id='line_1_16' title="bbox 349 2488 1392 2574; baseline 0.006 -10"><span class='ocrx_word' id='word_1_121' title='bbox 349 2492 413 2571; x_wconf 91' lang='lat' dir='ltr'>illis</span> <span class='ocrx_word' id='word_1_122' title='bbox 441 2488 720 2570; x_wconf 84' lang='lat' dir='ltr'>Christianorum</span> <span class='ocrx_word' id='word_1_123' title='bbox 747 2495 985 2574; x_wconf 86' lang='lat' dir='ltr'>conventibus</span> <span class='ocrx_word' id='word_1_124' title='bbox 1015 2490 1232 2572; x_wconf 78' lang='lat' dir='ltr'>Sacrificium</span> <span class='ocrx_word' id='word_1_125' title='bbox 1268 2490 1392 2571; x_wconf 78' lang='lat' dir='ltr'>offerti</span> 
     </span>
     <span class='ocr_line' id='line_1_17' title="bbox 348 2589 1389 2689; baseline 0.002 -24"><span class='ocrx_word' id='word_1_126' title='bbox 348 2589 516 2677; x_wconf 85' lang='lat' dir='ltr'>solitum,</span> <span class='ocrx_word' id='word_1_127' title='bbox 541 2591 620 2670; x_wconf 82' lang='lat' dir='ltr'>alibi</span> <span class='ocrx_word' id='word_1_128' title='bbox 638 2589 762 2668; x_wconf 82' lang='lat' dir='ltr'>diserta</span> <span class='ocrx_word' id='word_1_129' title='bbox 778 2595 945 2689; x_wconf 84' lang='lat' dir='ltr'>exprimit</span> <span class='ocrx_word' id='word_1_130' title='bbox 970 2590 1109 2666; x_wconf 78' lang='lat' dir='ltr'>Tertull.</span> <span class='ocrx_word' id='word_1_131' title='bbox 1136 2591 1192 2667; x_wconf 84' lang='lat' dir='ltr'>Sic</span> <span class='ocrx_word' id='word_1_132' title='bbox 1209 2594 1303 2667; x_wconf 90' lang='lat' dir='ltr'>enim</span> <span class='ocrx_word' id='word_1_133' title='bbox 1329 2592 1389 2667; x_wconf 91' lang='lat' dir='ltr'>lib.</span> 
     </span>
     <span class='ocr_line' id='line_1_18' title="bbox 350 2687 1513 2790; baseline 0.009 -33"><span class='ocrx_word' id='word_1_134' title='bbox 350 2709 387 2764; x_wconf 84' lang='lat'>2.</span> <span class='ocrx_word' id='word_1_135' title='bbox 401 2693 439 2758; x_wconf 85' lang='lat' dir='ltr'>de</span> <span class='ocrx_word' id='word_1_136' title='bbox 457 2691 553 2760; x_wconf 78' lang='lat' dir='ltr'>cultu</span> <span class='ocrx_word' id='word_1_137' title='bbox 563 2687 768 2779; x_wconf 69' lang='lat' dir='ltr'>feminarum</span> <span class='ocrx_word' id='word_1_138' title='bbox 783 2749 792 2777; x_wconf 95' lang='lat'>,</span> <span class='ocrx_word' id='word_1_139' title='bbox 810 2715 889 2790; x_wconf 86' lang='lat' dir='ltr'>cap.</span> <span class='ocrx_word' id='word_1_140' title='bbox 908 2709 960 2763; x_wconf 85' lang='lat'>11·</span> <span class='ocrx_word' id='word_1_141' title='bbox 979 2747 1000 2784; x_wconf 82' lang='lat'>‚,</span> <span class='ocrx_word' id='word_1_142' title='bbox 1013 2746 1035 2783; x_wconf 89' lang='lat'>„</span> <span class='ocrx_word' id='word_1_143' title='bbox 1065 2688 1179 2766; x_wconf 89' lang='lat' dir='ltr'>Vobis</span> <span class='ocrx_word' id='word_1_144' title='bbox 1199 2691 1290 2766; x_wconf 72' lang='lat' dir='ltr'>nulla</span> <span class='ocrx_word' id='word_1_145' title='bbox 1306 2715 1393 2784; x_wconf 87' lang='lat' dir='ltr'>pro·</span> <span class='ocrx_word' id='word_1_146' title='bbox 1504 2708 1513 2725; x_wconf 89' lang='lat'><strong>·</strong></span> 
     </span>
     <span class='ocr_line' id='line_1_19' title="bbox 305 2788 1392 2887; baseline 0.001 -25"><span class='ocrx_word' id='word_1_147' title='bbox 305 2880 311 2887; x_wconf 91' lang='lat'><strong>.</strong></span> <span class='ocrx_word' id='word_1_148' title='bbox 351 2789 501 2870; x_wconf 86' lang='lat' dir='ltr'>cedendi</span> <span class='ocrx_word' id='word_1_149' title='bbox 522 2788 621 2867; x_wconf 82' lang='lat' dir='ltr'>causa</span> <span class='ocrx_word' id='word_1_150' title='bbox 643 2814 718 2870; x_wconf 87' lang='lat' dir='ltr'>non</span> <span class='ocrx_word' id='word_1_151' title='bbox 741 2795 874 2878; x_wconf 73' lang='lat' dir='ltr'>tetrica,</span> <span class='ocrx_word' id='word_1_152' title='bbox 906 2793 975 2870; x_wconf 80' lang='lat' dir='ltr'>liut</span> <span class='ocrx_word' id='word_1_153' title='bbox 993 2790 1187 2867; x_wconf 88' lang='lat' dir='ltr'>imbecillus</span> <span class='ocrx_word' id='word_1_154' title='bbox 1206 2793 1328 2885; x_wconf 80' lang='lat' dir='ltr'>aliquis</span> <span class='ocrx_word' id='word_1_155' title='bbox 1345 2814 1392 2872; x_wconf 80' lang='lat' dir='ltr'>ex</span> 
     </span>
     <span class='ocr_line' id='line_1_20' title="bbox 349 2887 1532 2975; baseline 0.004 -11"><span class='ocrx_word' id='word_1_156' title='bbox 349 2887 512 2971; x_wconf 81' lang='lat' dir='ltr'>fratribus</span> <span class='ocrx_word' id='word_1_157' title='bbox 530 2889 685 2968; x_wconf 84' lang='lat' dir='ltr'>visitatur</span> <span class='ocrx_word' id='word_1_158' title='bbox 699 2941 708 2974; x_wconf 90' lang='lat'>‚</span> <span class='ocrx_word' id='word_1_159' title='bbox 722 2907 783 2968; x_wconf 89' lang='lat' dir='ltr'>aut</span> <span class='ocrx_word' id='word_1_160' title='bbox 813 2889 1032 2966; x_wconf 82' lang='lat' dir='ltr'>Sacrificium</span> <span class='ocrx_word' id='word_1_161' title='bbox 1049 2888 1218 2975; x_wconf 73' lang='lat' dir='ltr'>offirtur,</span> <span class='ocrx_word' id='word_1_162' title='bbox 1245 2909 1304 2967; x_wconf 81' lang='lat' dir='ltr'>aut</span> <span class='ocrx_word' id='word_1_163' title='bbox 1324 2889 1393 2968; x_wconf 86' lang='lat' dir='ltr'>set·</span> <span class='ocrx_word' id='word_1_164' title='bbox 1521 2918 1532 2941; x_wconf 62' lang='lat'>³</span> 
     </span>
     <span class='ocr_line' id='line_1_21' title="bbox 348 2985 1392 3167; baseline 0 -101"><span class='ocrx_word' id='word_1_165' title='bbox 348 3011 413 3066; x_wconf 88' lang='lat' dir='ltr'>mo</span> <span class='ocrx_word' id='word_1_166' title='bbox 439 2985 508 3065; x_wconf 86' lang='lat' dir='ltr'>Dei</span> <span class='ocrx_word' id='word_1_167' title='bbox 520 2990 776 3070; x_wconf 83' lang='lat' dir='ltr'>administratur</span> <span class='ocrx_word' id='word_1_168' title='bbox 815 2989 1017 3167; x_wconf 51' lang='lat' dir='ltr'>leibet</span> <span class='ocrx_word' id='word_1_169' title='bbox 1037 2988 1168 3068; x_wconf 86' lang='lat' dir='ltr'>hurum</span> <span class='ocrx_word' id='word_1_170' title='bbox 1189 2992 1392 3088; x_wconf 77' lang='lat' dir='ltr'>gravitatis,</span> 
     </span>
     <span class='ocr_line' id='line_1_22' title="bbox 349 3087 1243 3187; baseline 0.002 -24"><span class='ocrx_word' id='word_1_171' title='bbox 349 3087 592 3169; x_wconf 73' lang='lat' dir='ltr'>&amp;sanctitatis</span> <span class='ocrx_word' id='word_1_172' title='bbox 611 3095 798 3187; x_wconf 85' lang='lat' dir='ltr'>negotium</span> <span class='ocrx_word' id='word_1_173' title='bbox 816 3097 849 3175; x_wconf 82' lang='lat' dir='ltr'>el</span> <span class='ocrx_word' id='word_1_174' title='bbox 890 3138 961 3183; x_wconf 76' lang='lat'>„,‚·</span> <span class='ocrx_word' id='word_1_175' title='bbox 1240 3146 1243 3152; x_wconf 83' lang='lat'>-</span> 
     </span>
    </p>

    <p class='ocr_par' dir='ltr' id='par_1_3' title="bbox 348 3185 1531 3885">
     <span class='ocr_line' id='line_1_23' title="bbox 401 3185 1395 3288; baseline 0 -24"><span class='ocrx_word' id='word_1_176' title='bbox 401 3186 518 3270; x_wconf 73' lang='lat' dir='ltr'>Milies</span> <span class='ocrx_word' id='word_1_177' title='bbox 532 3191 685 3284; x_wconf 90' lang='lat' dir='ltr'>publicas</span> <span class='ocrx_word' id='word_1_178' title='bbox 702 3196 737 3265; x_wconf 89' lang='lat' dir='ltr'>in</span> <span class='ocrx_word' id='word_1_179' title='bbox 750 3191 925 3276; x_wconf 79' lang='lat' dir='ltr'>coenobiis</span> <span class='ocrx_word' id='word_1_180' title='bbox 941 3187 1211 3269; x_wconf 86' lang='lat' dir='ltr'>Monachotum</span> <span class='ocrx_word' id='word_1_181' title='bbox 1234 3210 1296 3288; x_wconf 92' lang='lat' dir='ltr'>per</span> <span class='ocrx_word' id='word_1_182' title='bbox 1313 3185 1395 3286; x_wconf 82' lang='lat' dir='ltr'>Epi·</span> 
     </span>
     <span class='ocr_line' id='line_1_24' title="bbox 348 3282 1398 3388; baseline -0.004 -24"><span class='ocrx_word' id='word_1_183' title='bbox 348 3285 496 3382; x_wconf 86' lang='lat' dir='ltr'>scopum</span> <span class='ocrx_word' id='word_1_184' title='bbox 518 3282 732 3374; x_wconf 72' lang='lat' dir='ltr'>celebraris.</span> <span class='ocrx_word' id='word_1_185' title='bbox 744 3288 939 3388; x_wconf 82' lang='lat' dir='ltr'>Gregorius</span> <span class='ocrx_word' id='word_1_186' title='bbox 955 3288 1142 3387; x_wconf 88' lang='lat' dir='ltr'>prohibuit</span> <span class='ocrx_word' id='word_1_187' title='bbox 1160 3289 1267 3383; x_wconf 69' lang='lat' dir='ltr'>sibu</span> <span class='ocrx_word' id='word_1_188' title='bbox 1288 3286 1398 3385; x_wconf 84' lang='lat' dir='ltr'>Epist.</span> 
     </span>
     <span class='ocr_line' id='line_1_25' title="bbox 348 3386 1531 3488; baseline 0.001 -25"><span class='ocrx_word' id='word_1_189' title='bbox 348 3407 410 3486; x_wconf 71' lang='lat'>43·</span> <span class='ocrx_word' id='word_1_190' title='bbox 431 3443 452 3478; x_wconf 87' lang='lat'>„</span> <span class='ocrx_word' id='word_1_191' title='bbox 465 3443 486 3478; x_wconf 87' lang='lat'>‚,</span> <span class='ocrx_word' id='word_1_192' title='bbox 513 3387 570 3464; x_wconf 91' lang='lat' dir='ltr'>Ne</span> <span class='ocrx_word' id='word_1_193' title='bbox 591 3395 626 3464; x_wconf 90' lang='lat' dir='ltr'>in</span> <span class='ocrx_word' id='word_1_194' title='bbox 649 3389 828 3469; x_wconf 85' lang='lat' dir='ltr'>servorum</span> <span class='ocrx_word' id='word_1_195' title='bbox 844 3387 920 3468; x_wconf 90' lang='lat' dir='ltr'>Dei</span> <span class='ocrx_word' id='word_1_196' title='bbox 946 3386 1125 3470; x_wconf 83' lang='lat' dir='ltr'>secessibus</span> <span class='ocrx_word' id='word_1_197' title='bbox 1144 3388 1284 3470; x_wconf 77' lang='lat' dir='ltr'>occasio</span> <span class='ocrx_word' id='word_1_198' title='bbox 1303 3411 1395 3488; x_wconf 82' lang='lat' dir='ltr'>ptae·</span> <span class='ocrx_word' id='word_1_199' title='bbox 1527 3402 1531 3409; x_wconf 82' lang='lat'>&#39;</span> 
     </span>
     <span class='ocr_line' id='line_1_26' title="bbox 349 3487 1392 3587; baseline 0.003 -24"><span class='ocrx_word' id='word_1_200' title='bbox 349 3487 471 3563; x_wconf 83' lang='lat' dir='ltr'>beatur</span> <span class='ocrx_word' id='word_1_201' title='bbox 502 3489 730 3586; x_wconf 86' lang='lat' dir='ltr'>popularibus</span> <span class='ocrx_word' id='word_1_202' title='bbox 751 3492 1068 3572; x_wconf 63' lang='lat' dir='ltr'>conterritum&amp;</span> <span class='ocrx_word' id='word_1_203' title='bbox 1094 3488 1322 3587; x_wconf 87' lang='lat' dir='ltr'>simpliciores</span> <span class='ocrx_word' id='word_1_204' title='bbox 1344 3511 1392 3566; x_wconf 79' lang='lat' dir='ltr'>ex</span> 
     </span>
     <span class='ocr_line' id='line_1_27' title="bbox 349 3584 1395 3690; baseline 0.004 -23"><span class='ocrx_word' id='word_1_205' title='bbox 349 3584 424 3667; x_wconf 87' lang='lat' dir='ltr'>hoc</span> <span class='ocrx_word' id='word_1_206' title='bbox 447 3591 578 3662; x_wconf 88' lang='lat' dir='ltr'>animas</span> <span class='ocrx_word' id='word_1_207' title='bbox 605 3588 839 3690; x_wconf 73' lang='lat' dir='ltr'>plerumque,</span> <span class='ocrx_word' id='word_1_208' title='bbox 862 3589 964 3687; x_wconf 86' lang='lat' dir='ltr'>quod</span> <span class='ocrx_word' id='word_1_209' title='bbox 992 3586 1104 3666; x_wconf 73' lang='lat' dir='ltr'>absit,</span> <span class='ocrx_word' id='word_1_210' title='bbox 1128 3592 1163 3664; x_wconf 91' lang='lat' dir='ltr'>in</span> <span class='ocrx_word' id='word_1_211' title='bbox 1192 3589 1395 3671; x_wconf 74' lang='lat' dir='ltr'>scandalunt</span> 
     </span>
     <span class='ocr_line' id='line_1_28' title="bbox 348 3685 1398 3788; baseline -0.001 -23"><span class='ocrx_word' id='word_1_212' title='bbox 348 3685 483 3767; x_wconf 72' lang='lat' dir='ltr'>traham</span> <span class='ocrx_word' id='word_1_213' title='bbox 507 3685 725 3785; x_wconf 85' lang='lat' dir='ltr'>frequentior</span> <span class='ocrx_word' id='word_1_214' title='bbox 753 3713 902 3788; x_wconf 79' lang='lat' dir='ltr'>quoque</span> <span class='ocrx_word' id='word_1_215' title='bbox 923 3692 1088 3767; x_wconf 89' lang='lat' dir='ltr'>introitus</span> <span class='ocrx_word' id='word_1_216' title='bbox 1118 3690 1398 3767; x_wconf 60' lang='lat' dir='ltr'>mullenhusen</span> 
     </span>
     <span class='ocr_line' id='line_1_29' title="bbox 349 3784 1362 3885; baseline 0.002 -22"><span class='ocrx_word' id='word_1_217' title='bbox 349 3799 470 3863; x_wconf 83' lang='lat' dir='ltr'>ceatur</span> <span class='ocrx_word' id='word_1_218' title='bbox 491 3840 511 3875; x_wconf 87' lang='lat'>,‚</span> <span class='ocrx_word' id='word_1_219' title='bbox 524 3832 556 3878; x_wconf 58' lang='grc'>».</span> <span class='ocrx_word' id='word_1_220' title='bbox 582 3784 681 3871; x_wconf 85' lang='lat' dir='ltr'>Idem</span> <span class='ocrx_word' id='word_1_221' title='bbox 701 3790 867 3885; x_wconf 88' lang='lat' dir='ltr'>probibet</span> <span class='ocrx_word' id='word_1_222' title='bbox 887 3786 990 3883; x_wconf 84' lang='lat' dir='ltr'>Epist.</span> <span class='ocrx_word' id='word_1_223' title='bbox 1004 3802 1065 3878; x_wconf 78' lang='lat'>46.</span> <span class='ocrx_word' id='word_1_224' title='bbox 1082 3787 1236 3882; x_wconf 85' lang='lat' dir='ltr'>ejusdem</span> <span class='ocrx_word' id='word_1_225' title='bbox 1256 3788 1362 3866; x_wconf 56' lang='lat' dir='ltr'>libri?</span> 
     </span>
    </p>
   </div>
   <div class='ocr_carea' id='block_1_3' title="bbox 401 3868 1695 3985">
    <p class='ocr_par' dir='ltr' id='par_1_4' title="bbox 401 3868 1695 3985">
     <span class='ocr_line' id='line_1_30' title="bbox 401 3868 1695 3985; baseline 0 -27"><span class='ocrx_word' id='word_1_226' title='bbox 401 3883 571 3963; x_wconf 77' lang='lat' dir='ltr'>Aduersus</span> <span class='ocrx_word' id='word_1_227' title='bbox 599 3883 717 3970; x_wconf 82' lang='lat' dir='ltr'>lllillas</span> <span class='ocrx_word' id='word_1_228' title='bbox 742 3891 891 3984; x_wconf 86' lang='lat' dir='ltr'>privatas</span> <span class='ocrx_word' id='word_1_229' title='bbox 915 3889 1109 3964; x_wconf 80' lang='lat' dir='ltr'>Lutherus,</span> <span class='ocrx_word' id='word_1_230' title='bbox 1138 3889 1266 3985; x_wconf 90' lang='lat' dir='ltr'>aliique</span> <span class='ocrx_word' id='word_1_231' title='bbox 1287 3888 1395 3971; x_wconf 79' lang='lat' dir='ltr'>baere-</span> <span class='ocrx_word' id='word_1_232' title='bbox 1444 3868 1567 3938; x_wconf 56' lang='lat' dir='ltr'>mimi</span> <span class='ocrx_word' id='word_1_233' title='bbox 1658 3942 1660 3946; x_wconf 87' lang='lat'><em>.</em></span> <span class='ocrx_word' id='word_1_234' title='bbox 1692 3877 1695 3881; x_wconf 74' lang='grc'><strong>’</strong></span> 
     </span>
    </p>
   </div>
   <div class='ocr_carea' id='block_1_4' title="bbox 351 3956 1589 4081">
    <p class='ocr_par' dir='ltr' id='par_1_5' title="bbox 351 3956 1589 4081">
     <span class='ocr_line' id='line_1_31' title="bbox 351 3956 1589 4081; baseline -0.006 -19"><span class='ocrx_word' id='word_1_235' title='bbox 351 3985 414 4062; x_wconf 85' lang='lat' dir='ltr'>tici</span> <span class='ocrx_word' id='word_1_236' title='bbox 441 3982 715 4069; x_wconf 85' lang='lat' dir='ltr'>debacchantur.</span> <span class='ocrx_word' id='word_1_237' title='bbox 759 3984 830 4073; x_wconf 79' lang='lat' dir='ltr'>Hic</span> <span class='ocrx_word' id='word_1_238' title='bbox 856 3988 985 4069; x_wconf 86' lang='lat' dir='ltr'>librum</span> <span class='ocrx_word' id='word_1_239' title='bbox 1013 3985 1122 4068; x_wconf 83' lang='lat' dir='ltr'>edidit</span> <span class='ocrx_word' id='word_1_240' title='bbox 1148 3994 1185 4056; x_wconf 85' lang='lat' dir='ltr'>de</span> <span class='ocrx_word' id='word_1_241' title='bbox 1210 3985 1392 4081; x_wconf 77' lang='lat' dir='ltr'>abroganda</span> <span class='ocrx_word' id='word_1_242' title='bbox 1421 3956 1511 4015; x_wconf 52' lang='lat'>‘¹¹⁰³‘</span> <span class='ocrx_word' id='word_1_243' title='bbox 1574 4042 1589 4054; x_wconf 21' lang='lat'>‚⁴</span> 
     </span>
    </p>
   </div>
   <div class='ocr_carea' id='block_1_5' title="bbox 348 4078 1542 4786">
    <p class='ocr_par' dir='ltr' id='par_1_6' title="bbox 348 4078 1542 4786">
     <span class='ocr_line' id='line_1_32' title="bbox 350 4078 1397 4187; baseline 0.006 -24"><span class='ocrx_word' id='word_1_244' title='bbox 350 4078 450 4170; x_wconf 73' lang='lat' dir='ltr'>Mrffr</span> <span class='ocrx_word' id='word_1_245' title='bbox 469 4090 633 4187; x_wconf 52' lang='lat' dir='ltr'>privata,</span> <span class='ocrx_word' id='word_1_246' title='bbox 656 4085 799 4167; x_wconf 86' lang='lat' dir='ltr'>diabolo</span> <span class='ocrx_word' id='word_1_247' title='bbox 819 4085 898 4164; x_wconf 90' lang='lat' dir='ltr'>usus</span> <span class='ocrx_word' id='word_1_248' title='bbox 918 4104 1136 4184; x_wconf 85' lang='lat' dir='ltr'>praeceptore</span> <span class='ocrx_word' id='word_1_249' title='bbox 1162 4135 1173 4169; x_wconf 80' lang='lat'>‚</span> <span class='ocrx_word' id='word_1_250' title='bbox 1196 4107 1236 4168; x_wconf 88' lang='lat' dir='ltr'>ut</span> <span class='ocrx_word' id='word_1_251' title='bbox 1252 4089 1397 4185; x_wconf 81' lang='lat' dir='ltr'>ipsemet</span> 
     </span>
     <span class='ocr_line' id='line_1_33' title="bbox 349 4181 1397 4281; baseline -0.004 -24"><span class='ocrx_word' id='word_1_252' title='bbox 349 4183 494 4266; x_wconf 82' lang='lat' dir='ltr'>testatur</span> <span class='ocrx_word' id='word_1_253' title='bbox 515 4184 574 4261; x_wconf 73' lang='lat' dir='ltr'>lib.</span> <span class='ocrx_word' id='word_1_254' title='bbox 592 4187 630 4257; x_wconf 82' lang='lat' dir='ltr'>de</span> <span class='ocrx_word' id='word_1_255' title='bbox 650 4181 745 4272; x_wconf 75' lang='lat' dir='ltr'>Miffs</span> <span class='ocrx_word' id='word_1_256' title='bbox 758 4191 917 4272; x_wconf 72' lang='lat' dir='ltr'>privata,</span> <span class='ocrx_word' id='word_1_257' title='bbox 938 4195 978 4256; x_wconf 68' lang='lat' dir='ltr'>d</span> <span class='ocrx_word' id='word_1_258' title='bbox 996 4184 1152 4281; x_wconf 63' lang='lat' dir='ltr'>Uulsiont</span> <span class='ocrx_word' id='word_1_259' title='bbox 1170 4193 1397 4272; x_wconf 78' lang='lat' dir='ltr'>sacerdotum,</span> 
     </span>
     <span class='ocr_line' id='line_1_34' title="bbox 349 4277 1402 4386; baseline 0.004 -31"><span class='ocrx_word' id='word_1_260' title='bbox 349 4278 462 4364; x_wconf 84' lang='lat' dir='ltr'>Torn·</span> <span class='ocrx_word' id='word_1_261' title='bbox 473 4297 509 4377; x_wconf 85' lang='lat'>7·</span> <span class='ocrx_word' id='word_1_262' title='bbox 542 4307 623 4382; x_wconf 81' lang='lat' dir='ltr'>pag.</span> <span class='ocrx_word' id='word_1_263' title='bbox 641 4277 723 4364; x_wconf 83' lang='lat'><strong>228·</strong></span> <span class='ocrx_word' id='word_1_264' title='bbox 750 4282 923 4367; x_wconf 81' lang='lat' dir='ltr'>Editionis</span> <span class='ocrx_word' id='word_1_265' title='bbox 946 4284 1269 4382; x_wconf 79' lang='lat' dir='ltr'>Witembergenlis</span> <span class='ocrx_word' id='word_1_266' title='bbox 1291 4287 1402 4386; x_wconf 50' lang='lat' dir='ltr'>Spiriq</span> 
     </span>
     <span class='ocr_line' id='line_1_35' title="bbox 350 4383 1542 4484; baseline 0.007 -27"><span class='ocrx_word' id='word_1_267' title='bbox 350 4383 734 4469; x_wconf 62' lang='lat' dir='ltr'>inumbratum&amp;</span> <span class='ocrx_word' id='word_1_268' title='bbox 759 4389 847 4484; x_wconf 90' lang='lat' dir='ltr'>patri</span> <span class='ocrx_word' id='word_1_269' title='bbox 872 4385 1048 4461; x_wconf 89' lang='lat' dir='ltr'>mendacii</span> <span class='ocrx_word' id='word_1_270' title='bbox 1076 4388 1218 4465; x_wconf 87' lang='lat' dir='ltr'>credere</span> <span class='ocrx_word' id='word_1_271' title='bbox 1237 4386 1395 4468; x_wconf 76' lang='lat' dir='ltr'>maluit,</span> <span class='ocrx_word' id='word_1_272' title='bbox 1538 4422 1542 4428; x_wconf 89' lang='grc'><em>·</em></span> 
     </span>
     <span class='ocr_line' id='line_1_36' title="bbox 350 4479 1400 4652; baseline -0.001 -96"><span class='ocrx_word' id='word_1_273' title='bbox 350 4503 459 4652; x_wconf 38' lang='lat' dir='ltr'>spuunt</span> <span class='ocrx_word' id='word_1_274' title='bbox 482 4479 629 4581; x_wconf 89' lang='lat' dir='ltr'>Spiritui</span> <span class='ocrx_word' id='word_1_275' title='bbox 645 4483 762 4567; x_wconf 70' lang='lat' dir='ltr'>sonito</span> <span class='ocrx_word' id='word_1_276' title='bbox 782 4508 844 4582; x_wconf 88' lang='lat' dir='ltr'>pet</span> <span class='ocrx_word' id='word_1_277' title='bbox 867 4482 1053 4565; x_wconf 80' lang='lat' dir='ltr'>Ecclesiam</span> <span class='ocrx_word' id='word_1_278' title='bbox 1066 4485 1250 4585; x_wconf 83' lang='lat' dir='ltr'>loquenti,</span> <span class='ocrx_word' id='word_1_279' title='bbox 1271 4489 1305 4561; x_wconf 79' lang='lat' dir='ltr'>dr</span> <span class='ocrx_word' id='word_1_280' title='bbox 1332 4482 1400 4575; x_wconf 81' lang='lat' dir='ltr'>Ec.</span> 
     </span>
     <span class='ocr_line' id='line_1_37' title="bbox 350 4581 1403 4685; baseline -0.003 -26"><span class='ocrx_word' id='word_1_281' title='bbox 350 4581 460 4663; x_wconf 78' lang='lat' dir='ltr'>celiae</span> <span class='ocrx_word' id='word_1_282' title='bbox 472 4583 628 4661; x_wconf 84' lang='lat' dir='ltr'>Patribus</span> <span class='ocrx_word' id='word_1_283' title='bbox 642 4589 851 4685; x_wconf 85' lang='lat' dir='ltr'>antiquum,</span> <span class='ocrx_word' id='word_1_284' title='bbox 865 4585 900 4660; x_wconf 82' lang='lat' dir='ltr'>dt</span> <span class='ocrx_word' id='word_1_285' title='bbox 916 4585 1115 4684; x_wconf 82' lang='lat' dir='ltr'>legitimum</span> <span class='ocrx_word' id='word_1_286' title='bbox 1131 4583 1312 4661; x_wconf 78' lang='lat' dir='ltr'>Missatum</span> <span class='ocrx_word' id='word_1_287' title='bbox 1328 4588 1403 4679; x_wconf 85' lang='lat' dir='ltr'>pri.</span> 
     </span>
     <span class='ocr_line' id='line_1_38' title="bbox 348 4681 1393 4786; baseline 0.001 -25"><span class='ocrx_word' id='word_1_288' title='bbox 348 4693 510 4767; x_wconf 71' lang='lat' dir='ltr'>ratmunt</span> <span class='ocrx_word' id='word_1_289' title='bbox 534 4681 635 4768; x_wconf 85' lang='lat' dir='ltr'>ulum</span> <span class='ocrx_word' id='word_1_290' title='bbox 658 4685 863 4767; x_wconf 76' lang='lat' dir='ltr'>teibnronio</span> <span class='ocrx_word' id='word_1_291' title='bbox 891 4684 958 4769; x_wconf 86' lang='lat' dir='ltr'>luo</span> <span class='ocrx_word' id='word_1_292' title='bbox 983 4687 1314 4785; x_wconf 84' lang='lat' dir='ltr'>comprobantibus.</span> <span class='ocrx_word' id='word_1_293' title='bbox 1390 4781 1393 4786; x_wconf 17' lang='lat'><em>¹</em></span> 
     </span>
    </p>
   </div>
   <div class='ocr_carea' id='block_1_6' title="bbox 691 4835 1391 5021">
    <p class='ocr_par' dir='ltr' id='par_1_7' title="bbox 691 4835 1391 5021">
     <span class='ocr_line' id='line_1_39' title="bbox 691 4835 1391 5021; baseline 0.021 -50"><span class='ocrx_word' id='word_1_294' title='bbox 691 4879 905 4993; x_wconf 60' lang='lat' dir='ltr'>“Ddt</span> <span class='ocrx_word' id='word_1_295' title='bbox 981 4865 1070 5021; x_wconf 21' lang='lat' dir='ltr'>[t</span> <span class='ocrx_word' id='word_1_296' title='bbox 1213 4835 1391 4983; x_wconf 58' lang='lat' dir='ltr'>PRQ÷</span> 
     </span>
    </p>
   </div>
   <div class='ocr_carea' id='block_1_7' title="bbox 0 0 1952 6434">
    <p class='ocr_par' dir='ltr' id='par_1_8' title="bbox 0 0 1952 6434">
     <span class='ocr_line' id='line_1_40' title="bbox 0 0 1952 6434; baseline 0 0"><span class='ocrx_word' id='word_1_297' title='bbox 0 0 1952 6434; x_wconf 95' lang='lat' dir='ltr'> </span> 
     </span>
    </p>
   </div>
  </div>
 </body>
</html>
