3892 6434
501 1349 504 1353 ,
608 1240 702 1375 ne
792 1262 950 1360 Theoi.
971 1265 1089 1381 uog.
1115 1264 1331 1363 amora.
1351 1267 1446 1389 nn.
1476 1269 1547 1365 n.-

571 1395 576 1441 ²
654 1418 1611 1553 aaatcuttc'onsuecuanm.

804 1564 1451 1677 REGULAPRlntt.
1598 1698 1600 1702 ¹

523 1802 525 1809 ,
601 1751 669 1914 P
679 1752 872 1855 teabyteri,
892 1756 954 1856 qui
967 1751 1235 1831 Sacramentum
1248 1749 1470 1832 Eucharistiae
1486 1753 1549 1839 sub
1562 1766 1661 1838 ulla·

696 1876 768 1950 que
791 1852 904 1952 specie
924 1877 1023 1934 nunc
1033 1852 1336 1940 administrarent,
1355 1854 1551 1933 mortaliter
1573 1863 1660 1955 pec·

600 1970 751 2040 carent,
773 1954 809 2028 &
833 1955 1247 2032 excommunicationem
1260 1957 1499 2036 incurrerent·

658 2051 1002 2150 eraeceptum0enam
1026 2050 1186 2130 Ecclefiae
1215 2055 1386 2130 violarent
1413 2057 1449 2129 in
1477 2079 1515 2131 re
1529 2056 1658 2153 gravi.

607 2151 646 2227 in
663 2155 765 2250 cujus
783 2151 1045 2252 transgtelsotes
1056 2152 1122 2229 lata
1138 2153 1188 2230 est
1206 2177 1226 2230 a
1246 2153 1385 2232 Concil·
1398 2150 1660 2234 Conliantitnfi

498 2320 500 2325 ,
607 2256 994 2333 excommunicationis
1018 2252 1211 2330 Sententia·

906 2404 1351 2491 necutnn.
1477 2499 1484 2509 ,

690 2591 739 2645 ex
759 2562 918 2647 Ecclefiae
934 2565 980 2645 de
1000 2564 1270 2646 Communione
1288 2562 1482 2645 laicorum
1504 2560 1568 2645 sub
1586 2570 1658 2648 nna

702 2671 815 2766 specie
833 2688 908 2745 non
929 2667 980 2745 est
1023 2684 1189 2764 erpetua.
1208 2670 1245 2744 ἃ
1264 2668 1502 2744 immutabilis.
1524 2762 1526 2766 .

655 2762 776 2844 Potest
801 2767 897 2843 enim
923 2693 1074 2846 Ecclelia
1100 2767 1196 2864 justia
1228 2769 1274 2843 de
1300 2765 1410 2843 caufia
1443 2789 1521 2843 eam
1550 2789 1657 2842 teno-

553 2927 560 2946 .
607 2887 712 2971 cate,
729 2866 785 2942 vel
811 2879 1033 2966 temperate,
1049 2884 1157 2964 atque
1181 2865 1227 2942 de
1254 2865 1309 2942 illa
1337 2867 1529 2963 dispensare
1544 2920 1556 2953 ,
1574 2864 1600 2942 fi
1618 2867 1657 2945 id

607 2969 778 3143 3³⁹⁰?oe
800 2966 981 3142 judictatet.
1010 2964 1062 3143 [ha
1080 2964 1269 3141 ξεΒΙρεηὲ
1286 2963 1658 3143 ffincffipmbdgpessq‘

643 3091 680 3141 re
728 3090 888 3143 ecrevera
923 3090 1007 3145 cum
1055 3089 1212 3152 nemis,
1339 3089 1491 3142 otavtsa
1576 3091 1656 3141 ua·

607 3179 726 3244 tarum
748 3165 866 3244 haetefi
880 3165 923 3243 ad
947 3166 1075 3251 fidem,
1099 3169 1325 3242 &unitatem
1352 3163 1510 3241 Ecclefiae
1526 3166 1655 3241 catho-

605 3264 683 3344 llcae
713 3266 940 3344 redeuntibus
958 3319 968 3344 ‚
986 3284 1026 3345 ut
1049 3266 1247 3342 Nationuna
1272 3263 1407 3342 illarum
1443 3264 1653 3342 Sacerdotea

605 3365 918 3445 Communionem
938 3367 999 3444 iub
1020 3382 1170 3465 utraque
1186 3366 1299 3462 specie
1313 3365 1469 3462 perionis
1489 3364 1551 3439 fibi
1575 3365 1653 3441 lub-

605 3467 703 3565 jectis
731 3467 1036 3555 administrarent,
1059 3466 1083 3542 {i
1116 3467 1152 3541 id
1178 3480 1381 3566 severentet
1411 3463 1629 3561 postularent
1639 3486 1653 3556 ;

603 3590 647 3642 ea
667 3565 877 3643 conditione
889 3567 1039 3660 adjecia.
1056 3581 1097 3644 ut
1113 3569 1204 3642 inter
1215 3566 1557 3641 communicandum
1579 3562 1654 3660 ple-

601 3668 687 3742 bem
706 3667 847 3764 publlce
871 3666 1104 3752 instruerent,
1125 3689 1199 3771 npn
1226 3665 1287 3741 inb
1309 3665 1420 3761 specie
1441 3669 1539 3762 panis
1567 3664 1654 3741 Car·

600 3788 685 3843 nem
703 3766 833 3844 Christi
855 3780 1013 3851 tantum,
1034 3788 1100 3851 nec
1119 3764 1180 3841 sub
1199 3763 1310 3860 specie
1332 3766 1401 3838 vini
1426 3763 1539 3839 solum
1562 3762 1653 3838 San·

598 3866 770 3965 guinem,
788 3862 846 3940 sed
868 3863 930 3941 sub
950 3863 1105 3964 qualibet
1121 3864 1234 3963 [pecie
1252 3881 1389 3947 totum,
1408 3866 1442 3938 δι
1468 3868 1652 3959 integrum

599 3966 778 4042 contineri
804 3963 995 4042 Christum.
1024 3960 1120 4040 Trid.
1141 3965 1277 4064 Synod.
1311 3960 1378 4038 leli
1394 3983 1451 4036 22.
1476 3964 1568 4038 duos
1585 3964 1653 4039 Ar-

597 4064 729 4141 ticuloa
749 4064 794 4139 de
812 4062 1038 4143 concefflone
1060 4063 1212 4148 Calicis,
1230 4063 1410 4139 videliceta
1429 4114 1487 4153 ,‚‚‚
1513 4065 1569 4138 An
1596 4088 1653 4138 ra·

509 4246 513 4263 ,
597 4167 716 4242 tiones
746 4209 758 4244 2
785 4167 913 4262 quibus
941 4165 976 4241 S·
1000 4164 1175 4240 catholica
1201 4160 1351 4240 Ecclelia
1379 4164 1527 4239 adduila
1556 4161 1650 4249 luit,

597 4277 641 4342 ut
661 4267 942 4341 communicaret
960 4262 1111 4350 Lucos,
1129 4280 1236 4362 atque
1256 4267 1360 4338 etiam
1373 4285 1449 4336 non
1470 4263 1651 4337 celebran-

597 4379 652 4441 tes
676 4361 958 4442 Sacerdoteslub
983 4388 1051 4441 una
1070 4365 1166 4460 panis
1184 4364 1318 4460 specie,
1337 4365 1384 4437 ita
1406 4361 1473 4435 sint
1492 4366 1648 4437 retinen·

577 4463 674 4552 ..tlae‚
690 4479 731 4541 ut
752 4463 847 4540 nulla
859 4468 996 4540 ratione
1017 4462 1142 4541 Calicis
1161 4469 1238 4539 ulus
1253 4465 1420 4559 cuiquam
1436 4461 1478 4536 fit
1497 4467 1650 4555 promit·

595 4561 753 4642 tendus?
774 4566 838 4647 (a.
861 4564 943 4647 An,
966 4560 991 4638 fi
1012 4563 1187 4649 honestis,
1220 4560 1465 4636 &christianae
1485 4559 1650 4637 charitati
1676 4599 1684 4618 ι

595 4663 838 4742 consentaneis
857 4664 1051 4740 rationibus
1072 4662 1324 4739 concedendus
1345 4650 1473 4742 alicui,
1494 4663 1549 4735 vel
1573 4660 1649 4736 Na·

594 4766 711 4850 tioni.
733 4762 788 4839 vel
814 4760 967 4860 Regno,
989 4761 1112 4841 Calicis
1143 4762 1220 4838 usus
1245 4758 1424 4852 videatur3
1440 4761 1501 4836 sub
1523 4762 1650 4857 aliqui·

595 4863 662 4940 buc
683 4863 950 4940 conditionibus
970 4863 1221 4939 concedendus
1247 4860 1311 4947 fit,
1336 4864 1371 4934 ἃ
1396 4883 1558 4957 quaenam
1582 4861 1648 4936 illae

594 4959 665 5038 fint
684 5018 706 5052 „
721 5018 742 5053 „
762 4961 778 5038 l
799 4957 842 5037 ad
866 4960 1055 5039 Summum
1089 4959 1294 5041 Pontificem
1323 4960 1441 5036 retulit
1459 5015 1469 5043 ‚
1490 4962 1552 5055 qul
1577 4984 1646 5057 pto

593 5059 653 5136 lua
673 5059 721 5136 lin
751 5061 836 5137 olari
858 5067 1044 5162 prudentia
1066 5062 1263 5146 idlaceret,
1284 5061 1382 5157 quod
1404 5059 1490 5135 utile
1511 5058 1648 5157 Reipu-

591 5157 694 5274 blicae
716 5086 934 5248 clariliianae.
961 5164 999 5239 ἃ
1026 5159 1168 5260 salutate
1189 5163 1393 5260 petentibus
1424 5159 1525 5235 ulum
1551 5158 1646 5235 Caii·

588 5278 639 5335 aaa
658 5257 735 5336 lore
751 5259 933 5358 judicaret·
959 5263 1112 5337 elusus.
1136 5284 1233 5342 anno
1250 5259 1438 5338 anillelimo
1465 5262 1645 5356 quingen.

327 5378 422 5471 ι,
724 5449 726 5451 ,
1510 5373 1563 5435 te
