3892 6434
969 712 1061 743 ιγ...

329 711 1694 1001 —

1191 1108 1193 1113 .
1380 1086 1438 1111 1.

538 1354 544 1373 ,
602 1272 686 1365 366
796 1254 953 1350 Theoi
967 1255 1083 1370 Dog.
1098 1257 1142 1345 de
1165 1252 1517 1355 nominali

602 1423 848 1515 Melchisedech.
876 1424 954 1521 Qui
978 1425 1073 1503 ordo
1095 1425 1300 1528 utique-hie
1315 1429 1386 1515 eu,
1408 1427 1455 1505 de
1464 1428 1648 1523 Sacrificio

602 1530 666 1608 illo
684 1530 858 1613 veniens,
880 1533 915 1602 da
949 1527 1034 1602 inde
1058 1525 1271 1604 descendens
1297 1547 1311 1620 ;
1333 1528 1433 1630 quod
1457 1529 1650 1610 Melchise-¹

602 1627 696 1706 decla
719 1626 890 1706 Sacerdos
912 1624 981 1703 Dei
995 1624 1122 1703 somnii
1144 1625 1230 1713 suit,
1243 1629 1342 1726 quod
1360 1651 1511 1725 panem,
1528 1633 1566 1708 ds
1594 1635 1649 1710 vl·

602 1736 691 1817 num
711 1727 844 1805 obtulit
865 1780 876 1813 ,
895 1725 996 1823 quod
1023 1726 1198 1802 Abraham
1224 1728 1415 1812 benedixit.
1443 1729 1539 1808 Nam
1567 1737 1647 1826 quis

601 1830 716 1926 magis
739 1824 911 1904 Sacerdos
931 1823 1003 1903 Dei
1016 1823 1170 1912 summi,
1189 1850 1297 1924 quam
1317 1826 1497 1906 Dominus
1526 1837 1647 1910 nollet

320 1955 324 1966 ·
600 1925 698 2029 Jesua
711 1925 966 2025 Christumqui
981 1923 1198 2004 Sacrificium
1215 1925 1296 2004 Deo
1312 1928 1401 2004 Patri
1426 1929 1584 2017 obtulit,
1608 1932 1647 2010 dt

356 2030 360 2037 ’
514 2107 527 2115 ,
600 2028 732 2106 obtulit
765 2027 839 2103 hoc
858 2026 953 2104 idem
975 2078 986 2111 ,
1010 2024 1112 2122 quod
1148 2025 1410 2105 Melchisedech
1435 2032 1645 2111 obtulerats

599 2131 638 2207 id
654 2128 723 2205 est,
739 2148 891 2224 panem,
908 2126 944 2200 da
965 2125 1109 2210 vinum,
1134 2124 1234 2204 suum
1254 2126 1383 2203 scilieet
1410 2125 1578 2224 Corpus.
1606 2131 1645 2207 dt

598 2225 845 2326 Sanguinem?
865 2223 907 2301 Et
936 2226 1028 2301 cirea
1052 2227 1228 2302 Abraham
1258 2227 1454 2304 benedidio
1477 2228 1531 2304 illa
1554 2253 1647 2328 prae-

597 2329 729 2406 cedens
748 2327 792 2403 ad
806 2325 964 2401 nostrum
980 2325 1155 2420 populum
1171 2328 1419 2421 pertinebat...
1439 2320 1489 2403 Ut
1504 2352 1594 2427 ergo
1607 2333 1646 2406 in

348 2438 353 2447 '
507 2513 510 2518 Δ
598 2425 728 2507 Genese
739 2449 801 2524 per
814 2422 1073 2500 Melchisedech
1087 2425 1316 2502 Sacerdotem
1333 2426 1529 2505 benedictio
1546 2431 1642 2508 eirea

596 2527 777 2615 Abraham
822 2519 910 2600 osset
932 2528 998 2598 rite
1016 2524 1181 2607 celebrari
1198 2574 1206 2599 ‚
1223 2529 1389 2623 praeced'rt
1414 2544 1496 2603 ante
1520 2532 1645 2624 imago

597 2618 752 2705 sacrificii
770 2547 919 2709 christu
944 2625 1120 2737 inpane,
1149 2625 1186 2699 &
1210 2629 1297 2701 vino
1316 2627 1443 2703 sedicet
1472 2629 1647 2705 constitis-

406 2772 419 2816 ,-
509 2774 513 2779 -
598 2743 656 2814 ta,
686 2747 794 2825 quam
826 2745 901 2821 rem
927 2723 1110 2819 perhciens
1137 2775 1149 2810 ,
1172 2726 1208 2799 da
1234 2725 1430 2823 adimplens
1461 2721 1646 2805 Dominus·

560 2914 567 2929 „
597 2847 750 2924 panem,
769 2816 981 2901 &Calicem
1000 2826 1086 2899 vino
1112 2825 1266 2902 mixtum
1288 2825 1418 2904 obtulit
1432 2827 1491 2913 ‚dr
1513 2830 1574 2925 qui
1593 2828 1646 2906 ell

596 2925 787 3027 plenitudo
814 2971 826 3008 ,
849 2927 1033 3000 veritatem
1070 2923 1302 3022 praefiguratae
1335 2927 1496 3024 imaginis
1530 2927 1645 3004 adim·

596 3027 709 3125 plevit
732 3023 801 3118 „¹52⁰
828 3023 887 3099 Ait
905 3044 1054 3121 quoque
1069 3030 1101 3097 S.
1118 3019 1645 3115 August.llb·16·deCiV,Del‚

400 3122 403 3131 ’
476 3182 479 3189 .
594 3149 675 3222 cap.
691 3126 798 3200 22.in
824 3122 1006 3199 oblatione
1023 3119 1286 3200 Melchisedech
1299 3130 1439 3213 primum
1460 3121 1643 3221 apparuisse

592 3220 822 3313 Sacrificium,
850 3228 933 3314 quod
947 3245 1029 3292 nunc
1054 3222 1289 3311 crebrissimis
1310 3220 1447 3314 offertur
1470 3231 1543 3299 Dea
1572 3246 1645 3298 roco

596 3321 673 3397 orbe
699 3344 863 3426 terrarum
879 3345 891 3416 3
910 3322 1117 3419 implerique
1148 3322 1233 3401 illud
1258 3324 1389 3422 ,quod
1419 3325 1528 3424 longe
1561 3322 1643 3425 poll

597 3424 728 3504 salium
743 3473 753 3505 ‚
769 3446 833 3525 per
848 3420 1064 3521 Prophetam
1084 3424 1213 3501 dieitur
1228 3425 1272 3500 ad
1295 3425 1474 3503 Christum
1495 3446 1505 3503 c
1531 3429 1596 3525 Tu,
1608 3446 1643 3497 es

596 3532 753 3599 Sacerdos
777 3528 812 3594 in
839 3541 993 3594 aternam
1013 3521 1185 3606 strandum
1215 3529 1360 3595 ordinem
1393 3526 1641 3612 Melchisedech.

598 3616 645 3706 Et
667 3626 730 3708 lib.
766 3644 797 3701 1.
821 3636 948 3700 eontra
968 3622 1210 3701 Adversarium
1231 3616 1362 3722 Legis,
1389 3626 1426 3702 ἃ
1447 3622 1644 3724 Propheta·

597 3744 703 3804 rum,
720 3746 797 3820 cap.
822 3742 882 3798 20·
904 3722 997 3798 idern
1018 3719 1216 3800 Oraculum
1240 3721 1426 3818 Propheta
1451 3723 1561 3827 Regis
1579 3751 1643 3804 ex·

596 3826 753 3924 plicans:
775 3878 828 3915 ,‚,‚
848 3819 1285 3924 pronunciationem
1307 3825 1645 3924 legunt2quidpro·

596 3924 718 4002 tulerit
730 3919 1012 4006 Melchisedech,
1027 3921 1174 4017 quando
1192 3925 1372 4000 benedixit
1387 3926 1586 4019 hbraham3
1605 3926 1643 4003 dt

596 4018 711 4123 sejam
741 4022 820 4099 sunt
841 4023 1029 4117 participes
1050 4023 1151 4118 ejus.
1180 4024 1301 4101 vident
1327 4026 1395 4101 tale
1420 4025 1642 4105 Sacrificium

596 4146 696 4203 nune
716 4115 835 4200 offerri
856 4119 940 4197 Deo
964 4134 1046 4197 toto
1066 4125 1154 4198 orbe
1171 4138 1341 4200 terrarum
1362 4181 1384 4216 ‚,
1400 4181 1436 4217 ‚,.

603 4316 608 4324 Ι
643 4222 744 4301 ldeus
766 4223 937 4319 probatur
962 4242 1009 4295 ex
1039 4221 1120 4297 Mal.
1143 4240 1174 4290 1.
1201 4241 1256 4294 11.
1286 4226 1345 4300 ubi
1366 4222 1549 4303 Dominus
1573 4226 1656 4318 aits¹

593 4319 736 4404 Alerta
754 4323 837 4391 Solis
848 4324 994 4418 usquead
1005 4317 1146 4407 uersum
1157 4346 1327 4416 ,magnum
1346 4322 1389 4401 eli
1408 4346 1520 4394 nomen
1532 4347 1641 4395 mrum

594 4416 632 4498 s‘n
663 4417 841 4518 gentibus,
860 4420 903 4494 (7
924 4422 960 4492 in
983 4424 1071 4490 omni
1093 4421 1161 4492 loco
1181 4418 1389 4510 sacrificatur
1402 4467 1414 4508 ,
1432 4429 1474 4496 (φ
1501 4419 1643 4514 offertus·
1685 4448 1688 4453 ·

595 4526 721 4598 nomini
732 4545 800 4592 meo
814 4518 934 4593 oblatio
943 4522 1081 4608 munda;
1100 4525 1176 4616 quie
1190 4546 1339 4616 magnum
1355 4522 1398 4599 es
1406 4527 1518 4595 nomen
1534 4542 1642 4597 mesu

594 4627 632 4802 {fi
658 4615 821 4801 gentihus.
850 4619 918 4798 PR
926 4617 1104 4796 Salcrifiedio
1123 4620 1413 4804 02¹⁰is.f}¹¹fe¹¹igi
1422 4627 1640 4799 dvatumir'rm

634 4751 656 4803 u
704 4745 779 4800 non
829 4745 888 4799 oe
933 4744 1138 4814 31u1em
1188 4743 1404 4806 scelerum,
1447 4746 1466 4800 e
1512 4747 1564 4801 uo
1598 4748 1642 4800 o-

595 4829 718 4924 quitur
739 4745 840 4901 9033
861 4846 923 4920 per
947 4743 1183 4915 respuerem,
1203 4847 1278 4899 non
1297 4827 1331 4897 in
1354 4847 1429 4901 uno
1442 4749 1639 4911 duhtaxat,

596 4924 709 5002 sedin
731 4925 831 4998 omni
852 4923 936 4999 loco
953 4935 1026 4995 erat
1045 4921 1281 4999 offerendum·
1309 4921 1436 5019 Neque
1460 4924 1504 4998 de
1529 4923 1641 4999 Sacri·

596 5022 685 5100 ficiis
701 5019 958 5103 Hebraeorums
977 5016 1146 5117 siquidem
1168 5025 1204 5097 in
1225 5024 1389 5119 gentibus
1412 5018 1644 5102 offerendum

594 5121 822 5294 rraedicituri
845 5121 947 5218 Qia
969 5142 1010 5187 m·
1019 5144 1120 5214 guum
1142 5120 1184 5202 ess
1209 5147 1320 5191 namen
1344 5146 1448 5192 meum
1475 5125 1511 5191 sn
1527 5127 1641 5215 genti.

617 5245 667 5295 us.
693 5218 821 5318 Neque
846 5224 890 5300 de
914 5221 1078 5319 precihus
1092 5242 1164 5313 ,ac
1187 5225 1305 5305 roris,
1322 5220 1522 5338 caterisque
1542 5222 1645 5340 Reh-

1475 5346 1595 5419 gronra
