3892 6434
526 1308 611 1393 504
686 1270 843 1370 Theos.
867 1272 1038 1389 Dog.&
1055 1268 1204 1395 Morti.
1232 1272 1324 1387 Lib·
1354 1273 1416 1367 Π.

573 1448 674 1529 Idem
697 1445 887 1527 confirmat
908 1445 998 1549 iiber
1021 1445 1043 1524 S
1097 1446 1206 1529 odalis
1237 1444 1403 1525 Ecclesia
1417 1444 1588 1525 'Nemau-

525 1548 650 1637 stnfis,
666 1550 781 1626 editur
804 1573 823 1623 a
844 1550 1030 1619 Berrrando
1081 1544 1268 1626 emausensi
1286 1546 1475 1647 Episcopo
1493 1570 1587 1636 anno

528 1654 665 1735 circiter
677 1656 785 1741 1284„
795 1646 868 1727 Tit
883 1645 929 1724 de
949 1648 1187 1725 celebratione
1199 1647 1442 1739 Missurum„
1456 1648 1588 1743 „Quia

527 1751 695 1845 (inquit)
716 1752 808 1825 inter
838 1750 955 1864 diuina
981 1745 1098 1825 officia
1124 1745 1305 1865 Missarum
1329 1746 1587 1866 Solemnitates

529 1846 1588 2064 iiiiiis'iiii‘iiisnss,iusiss‘isnisii⁰f¹i’rffi

531 2056 685 2130 votione
725 2054 805 2137 suot
828 2049 872 2152 air
905 2047 1071 2126 universis
1099 2049 1310 2148 Presbyteris
1336 2048 1586 2147 celebrandam

530 2152 765 2252 prohibemus
783 2148 845 2225 sub
863 2172 972 2246 prena
1012 2146 1262 2253 suspensionis,
1283 2172 1329 2225 ne
1353 2153 1439 2249 quis
1470 2148 1587 2227 Sacer:

375 2342 378 2347 .
532 2252 602 2329 dos
623 2246 763 2329 Missam
791 2262 932 2325 cantare
956 2248 1163 2347 praesirmat,
1190 2247 1252 2329 nifi
1273 2252 1378 2347 prius'
1396 2248 1511 2347 piene
1529 2268 1586 2351 ea·

533 2352 684 2452 piererit
702 2344 864 2427 officium
886 2346 1106 2435 Matutiuum
1130 2404 1197 2441 „„.
1500 2350 1505 2359 '

586 2450 686 2529 idem
723 2446 941 2527 confirmant
962 2450 1065 2530 uariae
1089 2446 1226 2549 Synodi
1251 2489 1263 2525 2
1287 2446 1425 2526 scriicet
1452 2442 1586 2545 singo-

406 2612 414 2621 .
534 2548 662 2631 niensis
679 2551 763 2625 anni
784 2546 893 2645 anus,
915 2604 972 2641 „„
1002 2547 1211 2626 Sacerdotes
1222 2546 1386 2625 noienter
1410 2548 1584 2626 celebrare

536 2647 706 2735 Missam,
721 2672 796 2725 non
810 2648 1020 2751 praesumant
1039 2648 1236 2733 celebrare,
1253 2644 1315 2727 nisi
1333 2648 1379 2725 de
1393 2644 1585 2749 commissis

536 2750 692 2852 peccatis
708 2746 775 2827 fint
791 2752 960 2842 contriti,
978 2752 1014 2825 δι
1037 2745 1204 2831 consciis.
1228 2748 1264 2849 se
1290 2746 1517 2835 Matutinas,
1540 2764 1587 2823 rt·

537 2875 613 2968 que
632 2848 790 2927 Primam
812 2846 1079 2947 prius'proipso
1101 2848 1159 2953 die
1177 2847 1331 2943 dixerint
1350 2891 1362 2928 s
1385 2848 1428 2925 &
1454 2846 1588 2945 sotin-

554 2973 617 3028 um
640 3004 713 3040 isis·

537 2974 552 3059 ι’
590 3048 728 3129 Statuta
739 3039 891 3135 Suiffririr'
904 3044 1127 3124 coloniensis
1138 3045 1427 3144 Archiepiscopi:
1444 3104 1502 3139 „„
1519 3045 1589 3129 Sta·

538 3151 675 3228 tuimur
693 3146 755 3224 sub
769 3169 876 3231 ooena
896 3150 1302 3233 excommunicationis,
1316 3171 1363 3225 ne
1388 3148 1522 3247 aliquis
1534 3145 1589 3225 Sa·

539 3248 674 3429 {amiota
688 3244 1026 3425 Missagrpceiebrarg
1048 3248 1207 3423 agitat,
1236 3245 1299 3335 nisi
1334 3250 1438 3353 prius
1464 3247 1591 3329 dixerit

588 3371 758 3429 aumas,
855 3370 981 3425 rimam
1025 3371 1045 3422 e
1094 3372 1126 3423 re
1150 3394 1219 3439 ‚„,.

591 3448 759 3548 Synodus
775 3445 1092 3524 Sebonenfisanno
1111 3464 1215 3538 1524
1230 3493 1254 3531 n
1270 3498 1297 3532 η
1320 3444 1461 3525 Nullus
1478 3442 1592 3523 Sacer·

541 3546 610 3648 rios
623 3547 776 3624 celebret
787 3598 800 3626 2
813 3546 1021 3644 nisijejunus
1034 3548 1070 3622 &
1084 3541 1279 3635 consessus,
1294 3546 1329 3622 ἃ
1346 3544 1470 3625 Horas
1481 3544 1594 3624 Cano·

541 3652 670 3730 nicos.
693 3649 731 3723 ἃ
753 3650 860 3722 beata
889 3648 1012 3747 Marias
1034 3646 1219 3746 Virginis,
1240 3644 1349 3747 usque
1382 3647 1431 3751 ad
1454 3650 1592 3725 tertiam

543 3744 722 3824 exclusive
739 3745 869 3822 dixerit
888 3797 913 3833 ‚,
925 3793 962 3829 ,‚.

550 3832 555 3849 ¹
594 3847 760 3948 Synodus
771 3843 961 3922 Parisrensrs
971 3870 1068 3921 anno
1083 3862 1188 3942 1557·
1203 3891 1228 3926 ‚s
1237 3901 1261 3932 „
1280 3842 1501 3923 Sacerdotes
1514 3847 1594 3925 cele

551 3944 651 4042 brare
662 3963 830 4031 careant,
845 3944 906 4020 nisi
917 3947 1043 4042 jejuni,
1057 3947 1091 4021 &
1106 3943 1269 4030 confessi,
1283 3942 1444 4023 &Horis
1459 3960 1539 4027 tam
1560 3952 1596 4027 de

547 4044 801 4144 die,quamde
823 4048 921 4121 beata
934 4043 1083 4143 Virgine
1094 4050 1187 4141 prius
1209 4044 1376 4122 absolutis
1390 4090 1401 4123 ι
1416 4044 1595 4125 saltemas

548 4140 708 4222 Tertiam
725 4142 853 4242 usque.
866 4168 949 4221 cum
972 4148 1199 4245 devotione,
1222 4169 1302 4246 qua
1330 4150 1536 4244 requiritur
1554 4152 1597 4228 ci·

547 4258 602 4323 tta
630 4245 755 4341 popuii
776 4244 975 4321 scandalum
995 4288 1067 4333 ‚‚,‚.

599 4342 689 4424 Odo
725 4343 913 4420 Parisrensrs
937 4344 1129 4443 Episcopus
1151 4349 1187 4421 in
1211 4344 1344 4422 statutis
1371 4343 1595 4446 Synodicis:

550 4497 577 4534 „
590 4503 613 4532 „
639 4443 770 4541 Nullus
790 4464 979 4542 antequam
1007 4446 1199 4525 Matutinas
1218 4445 1347 4521 dixerit
1367 4444 1596 4525 Canonicas·

553 4548 591 4625 ἃ
615 4543 796 4627 Primam,
822 4545 1006 4643 praesumat
1029 4545 1158 4643 absque
1191 4541 1389 4622 necessitate
1423 4549 1598 4624 celebrare

553 4636 697 4739 iisissam
722 4700 795 4729 ‚‚‚‚‚
827 4652 919 4725 unte
942 4644 1064 4723 Primae
1086 4665 1201 4722 tamen
1227 4649 1481 4724 recitationem
1512 4649 1596 4725 cese·

553 4747 672 4830 brare,
686 4744 822 4820 nullum
842 4762 1027 4843 peccatum
1050 4748 1109 4821 est·
1138 4752 1192 4822 rin
1213 4769 1299 4821 vero
1312 4744 1503 4824 celebrans
1525 4768 1598 4825 ante

554 4840 725 4949 Matutini
746 4840 854 4959 officii
875 4888 886 4918 t
908 4843 1145 4962 Laudumque
1165 4848 1413 4961 recitationem
1441 4850 1597 4926 mortali

556 4943 1597 5143 ‘sitiitsistitis‘sitistisssttst:

556 5142 733 5223 immone
754 5168 900 5237 peccare
912 5148 1057 5243 quidem
1071 5145 1119 5230 ‚sr
1142 5147 1240 5223 causa
1263 5145 1379 5242 aliqua
1399 5149 1596 5244 probabili.

275 5274 509 5454 ἢ
556 5232 763 5359 ἕξῂςῌίιῃῆ
784 5249 820 5323 id
841 5261 933 5377 egat.
959 5251 993 5318 S.
1013 5254 1198 5321 Antoninus
1214 5265 1248 5338 3,
1263 5268 1298 5345 p,
1317 5248 1371 5323 tit.
1393 5268 1454 5338 ¹3·
1474 5259 1593 5347 capg,

1475 5372 1564 5428 Con·
