3892 6434
559 1251 640 1335 544
723 1218 880 1315 Theol.
905 1222 1021 1333 Dog.
1048 1224 1090 1311 &
1113 1221 1264 1313 illoral.
1300 1222 1398 1315 Lib.
1439 1221 1498 1317 Π.

557 1400 624 1477 bus
649 1392 868 1472 Sacrificium
894 1393 1071 1490 speciatim
1102 1392 1277 1477 offertur,
1302 1398 1346 1469 (a
1375 1398 1524 1469 omnim
1546 1400 1614 1472 eir.

556 1495 802 1573 tundentium,
828 1495 1035 1592 proquibua
1047 1495 1219 1571 Sacerdos
1231 1494 1358 1581 offert,
1382 1497 1440 1566 vel
1458 1504 1517 1593 qui
1542 1504 1614 1573 Deo

557 1588 696 1686 efferum
716 1595 774 1667 lroc
797 1592 1003 1680 Sacrificium
1024 1596 1158 1682 laudis,
1179 1598 1248 1671 &u
1276 1595 1392 1688 Quod
1414 1602 1517 1675 enim
1541 1605 1615 1697 agl·
1652 1590 1653 1603 ἵ

557 1712 615 1774 tur
641 1700 784 1792 proprie
809 1694 1002 1771 ministerio
1025 1694 1279 1780 Sacerdotum‚
1301 1703 1373 1772 noc
1396 1702 1614 1794 generaliter

556 1803 674 1893 agitur
697 1795 766 1871 lide
788 1850 798 1882 ,
821 1798 857 1870 ἃ
887 1795 1085 1870 devotione
1115 1795 1339 1877 canuerunt.
1368 1793 1490 1875 Omni
1521 1804 1615 1879 enim

467 1944 475 1962 ·
513 1941 521 1959 ·
557 1895 719 1975 Ecclesia
735 1898 865 1972 dicitur
892 1919 954 1992 pet
975 1892 1013 1972 B.
1030 1898 1193 1974 l’ettum:
1219 1896 1405 1967 Voraurcm
1422 1921 1534 1991 gem
1555 1903 1617 1972 cle.

557 1995 792 2171 &tonegale
812 2000 1033 2065 Sacerdotem
1060 2036 1095 2074 0,
1123 1991 1240 2084 offirre
1259 1996 1450 2087 spirituales
1472 1996 1613 2089 bollan,

624 2092 836 2185 acceptabiles
861 2100 934 2164 Deo
952 2114 1010 2187 per
1032 2090 1153 2184 Jrsrrrrs
1175 2096 1334 2174 Chrillrrm
1356 2102 1545 2170 Dominum
1561 2127 1615 2171 ao·

556 2194 671 2282 irum.
695 2195 915 2274 Sacrificium
927 2194 1039 2271 laudis
1054 2195 1202 2281 dicitur,
1216 2200 1296 2292 quia
1316 2199 1351 2272 in
1367 2194 1440 2274 Dei
1453 2197 1614 2288 laudem,

381 2276 386 2286 ¹
444 2354 448 2361 -
559 2300 597 2376 &
626 2297 776 2393 gloriam
801 2294 963 2371 offertur.
1004 2294 1090 2371 Nou
1116 2301 1211 2370 enim
1239 2298 1356 2373 nostra
1383 2297 1435 2373 illi
1468 2299 1613 2388 damur,

559 2397 621 2475 led
642 2398 699 2474 l'ua
716 2399 763 2472 illi
785 2396 975 2472 reddimus.
1005 2401 1069 2464 Pro
1087 2396 1141 2482 se,
1154 2393 1280 2487 sitisque
1301 2394 1476 2485 umoribus,
1496 2397 1533 2475 id
1547 2403 1612 2487 est.

559 2498 605 2576 ad
626 2497 656 2574 l'e
675 2521 827 2592 genero,
846 2497 900 2569 vel
917 2496 1168 2572 familiaritate,
1189 2497 1243 2571 rel
1265 2499 1424 2590 qualibet
1442 2500 1507 2573 alia
1527 2516 1614 2577 con·

561 2597 718 2683 ditione,
736 2596 791 2672 vel
811 2596 1028 2681 devotione,
1048 2594 1109 2671 sub
1122 2595 1274 2690 ejusdem
1297 2598 1378 2672 lidei
1398 2598 1613 2697 prol'elfione

562 2700 834 2794 pertinentibus,
861 2708 923 2764 Pro
937 2702 1153 2788 rrrlrmptr'orrr
1166 2698 1348 2767 animorum
1355 2700 1519 2787 iliarum,
1537 2706 1613 2799 quia

562 2799 600 2871 in
615 2797 689 2891 ipl'o
709 2796 879 2873 habemus
892 2795 1177 2891 redemptionem
1199 2821 1260 2893 per
1279 2795 1503 2897 Sanguinem
1524 2803 1615 2894 ejus,

562 2898 601 2972 iit
624 2894 860 2972 ternillioneur
890 2914 1135 2993 peccatorum.
1164 2904 1225 2967 Pro
1247 2896 1303 2988 lire
1325 2899 1479 2987 saturis,
1504 2906 1547 2973 o*
1567 2906 1616 2969 r'n.

562 2996 762 3067 columnaris
783 2993 861 3089 (uo,
881 2995 916 3070 id
936 2996 1007 3079 est,
1030 3020 1097 3092 pro
1120 2999 1189 3072 vita
1208 3011 1356 3073 aeterna,
1382 3021 1465 3098 quae
1487 3002 1538 3077 eli
1561 3025 1616 3076 re·

563 3120 600 3172 ra
627 3097 736 3173 lalus:
758 3102 816 3187 Spe
838 3101 922 3164 enim
942 3094 1030 3180 βείω·
1045 3092 1131 3184 fiili
1150 3097 1269 3184 surius·
1299 3098 1378 3175 Nec
1407 3100 1525 3174 l'ulum
1554 3122 1614 3197 pro

564 3195 672 3274 salute
684 3215 833 3277 aetema,
851 3196 906 3270 led
927 3199 1031 3271 etiam
1053 3220 1121 3293 pro
1144 3199 1331 3289 temporali
1359 3200 1615 3277 incolumitate·

562 3295 724 3395 Utraque
741 3300 837 3371 enirn
861 3296 984 3369 linitas
1005 3347 1016 3373 .
1038 3300 1163 3373 animat
1190 3298 1340 3381 scilicet,
1360 3301 1396 3374 δι
1426 3304 1590 3393 corporis
1603 3348 1614 3386 .

519 3510 522 3515 Ι
558 3398 608 3584 lbi
632 3398 693 3474 illo
725 3396 801 3483 est,
829 3397 974 3494 dequo
1001 3397 1128 3472 dicitur
1156 3401 1192 3473 in
1221 3398 1380 3476 Psalmo:
1407 3395 1616 3477 nonin-eli

577 3522 597 3565 a
610 3523 662 3563 us-

410 3631 550 3694 eommu-
615 3589 742 3675 XVll·
767 3591 820 3671 Ut
841 3607 959 3670 autem
986 3592 1202 3672 Sacrificium
1225 3594 1307 3673 Deo
1337 3596 1378 3673 fit
1404 3617 1616 3697 acceptum.

366 3704 513 3771 micantes·
567 3698 716 3773 offertur
745 3699 780 3770 in
817 3702 1102 3780 communione,
1129 3698 1165 3769 ἃ
1190 3695 1355 3773 societate
1377 3698 1611 3784 Sanctorum,

566 3802 602 3874 in
624 3801 751 3894 quibus
765 3796 879 3869 voluit
898 3798 1129 3891 omnipotens
1145 3795 1242 3872 Deus
1262 3794 1423 3875 Ecclesiae
1443 3800 1513 3878 l'uae
1535 3822 1617 3876 con·

388 3913 491 3992 Ephei.
522 3930 549 3977 ι.
568 3900 654 3972 liare
676 3893 969 3975 fundamentum,
986 3893 1072 3970 licut
1095 3898 1283 3990 Apostolus
1301 3903 1367 3973 ait:
1389 3899 1459 3968 Vos
1478 3898 1554 3978 eliis
1575 3904 1615 3969 ri.

368 4004 416 4064 29.

345 5242 402 5410 ι..

565 4021 623 4064 ves
648 3993 835 4063 Sannorum
859 4006 928 4067 ,Θ
952 3991 1117 4073 domellr'ci
1139 4001 1206 4065 Dei
1221 4053 1230 4079 ,
1247 3995 1506 4090 superedificati
1528 4002 1617 4091 seper

559 4094 809 4188 fondamentum
835 4089 1082 4185 Apostolorum,
1104 4096 1147 4167 (ff
1173 4099 1421 4187 Prophetarum.
1456 4100 1549 4178 Ideo
1571 4100 1617 4174 di.

561 4200 610 4276 cit
630 4195 824 4273 Sacerdos:
846 4199 1148 4280 Coormrrrrr'corrtes,
1172 4199 1215 4267 (ν’
1235 4202 1429 4269 memoriam
1458 4223 1617 4269 venerari·

560 4319 610 4367 tes
642 4299 805 4386 imprimis
835 4291 982 4385 glorioso
1002 4293 1128 4384 semper
1149 4293 1299 4389 Virginis
1325 4303 1475 4393 Morio,
1502 4300 1559 4387 sed
1583 4300 1618 4372 o·

560 4397 731 4468 beatorum
758 4391 1009 4486 apolloinem,
1041 4419 1079 4464 oc
1107 4399 1295 4486 Martyrum
1320 4416 1469 4471 tuorum.
1499 4401 1540 4477 ln
1566 4422 1618 4476 eo·

562 4519 643 4575 rum
667 4518 755 4591 ergo
802 4496 1083 4580 communione,
1108 4496 1144 4569 &
1173 4500 1352 4574 memotiae
1391 4504 1617 4577 veneratione

563 4616 733 4692 tanquam
758 4598 792 4669 iu
824 4618 911 4668 vero
943 4593 1079 4690 templo
1105 4592 1175 4670 Dei
1203 4596 1310 4673 offert
1336 4597 1492 4676 devotio
1525 4600 1617 4676 Fide·

563 4698 650 4773 lium
673 4714 755 4770 vota
775 4695 857 4769 lua,
878 4696 914 4768 Ge
936 4716 1108 4769 munera,
1138 4696 1172 4770 &
1202 4698 1284 4771 ideo
1305 4695 1386 4773 sunt
1418 4701 1617 4776 communi·

564 4812 685 4873 cautes
708 4816 835 4871 eorum
854 4798 1037 4869 memoriae
1058 4812 1224 4892 tanquam
1248 4794 1307 4871 lilii
1329 4815 1504 4893 patrum,
1524 4798 1617 4875 &lo

566 4898 717 4972 {latores
739 4894 1034 4990 praecedentium,
1052 4900 1134 4991 quia
1149 4893 1310 4983 eamdem
1331 4896 1443 4974 fidem
1463 4900 1614 4980 habent,

568 5018 676 5095 quarn
698 4992 746 5069 illi
769 4992 968 5068 habuerunt
981 5017 991 5083 ;
1018 4996 1054 5068 &
1075 5019 1158 5070 cum
1180 4994 1405 5084 humilitate,
1434 5002 1469 5074 ἃ
1498 5005 1617 5095 pietate

571 5118 696 5168 eorum
718 5095 859 5188 vestigia
887 5092 1091 5190 lequuntur.
1120 5093 1157 5168 ln
1182 5095 1247 5169 liae
1270 5104 1617 5175 commemoratione

573 5191 806 5275 Sanctorum,
825 5192 978 5290 gloriola
999 5192 1134 5293 semper
1152 5191 1267 5293 Virgo
1292 5195 1430 5288 lllario,
1454 5224 1538 5274 rere
1561 5196 1618 5279 llri

1469 5297 1580 5376 Geni-
