3892 6434
495 936 563 1031 De
593 908 860 1040 Sacramentd
883 932 1163 1034 Eucharistiae.
1273 957 1349 1043 581
1437 1060 1440 1065 Ι
1555 928 1563 951 ’

311 1113 356 1192 ell
370 1109 510 1192 Patent.
540 1109 634 1189 Cum
656 1112 712 1189 illa
731 1108 903 1190 Sacerdos
924 1113 956 1189 se
977 1135 1084 1195 cruce
1109 1111 1247 1212 ignat,
1268 1115 1353 1212 quia

311 1236 369 1311 per
388 1235 553 1298 crucem,
576 1213 611 1287 da
630 1213 702 1288 hoc
719 1211 961 1298 Sacrificium,
984 1218 1105 1289 omnia
1118 1216 1153 1288 in
1173 1214 1297 1297 coelo,
1316 1215 1353 1290 dc

311 1317 343 1389 ln
363 1315 461 1387 terris
473 1314 659 1389 conciliata
677 1312 873 1393 denuntiat.
902 1312 1000 1389 lllarn
1015 1314 1212 1395 osculatur,
1233 1314 1354 1389 ollen.

311 1414 393 1488 deos
418 1410 598 1490 Christum
631 1415 767 1508 piarum
788 1415 977 1491 mulierum
999 1413 1207 1491 desiderium
1227 1413 1351 1508 imple·
1483 1440 1488 1469 ¹

311 1508 399 1587 ville.
432 1511 525 1588 lltox
555 1513 648 1586 enirn
681 1516 837 1588 occurrit
866 1514 930 1589 illis
955 1513 1095 1591 dic'ens:
1118 1520 1252 1592 Aveter
1271 1534 1350 1610 qoae

311 1609 555 1705 procidentes,
577 1626 767 1688 tenuerunt
792 1613 898 1709 pedes
920 1615 1018 1703 eius,
1040 1615 1075 1689 da
1101 1611 1347 1690 adoraverunt

311 1710 384 1788 Nec
403 1710 577 1793 dubium,
599 1716 685 1807 quio
705 1712 811 1809 pedes
830 1712 961 1789 fuerint
978 1712 1150 1790 osculata.

350 1808 421 1890 xl.
448 1809 590 1908 Frangit
610 1811 780 1888 Sacerdos
794 1810 980 1896 Hostiam,
1001 1815 1088 1890 utin
1101 1811 1269 1888 studione
1288 1832 1350 1908 pa·
1363 1804 1550 1896 Fraetlalle.
1600 1889 1613 1915 M

311 1915 358 1986 nis
386 1908 589 1988 Dominum
614 1913 898 2008 cognoscamus,
917 1912 1006 1989 sicut
1029 1912 1075 1986 illi
1093 1912 1168 2003 duo
1192 1909 1349 2008 discipuli
1363 1882 1469 2019 Ἓξ
1491 1897 1549 2019 ῑὲ*

311 2009 507 2088 Dominum
542 2032 819 2107 cognoverunt,
839 2014 968 2117 quibus
1001 2013 1075 2111 iplo
1102 2011 1158 2087 die
1184 1979 1536 2100 Resona-lammina

311 2111 427 2188 {lisinis
457 2108 553 2207 jesus
578 2115 740 2206 apparuit
768 2116 933 2188 euntibus
957 2117 992 2186 in
1023 2111 1199 2189 limosam.
1238 2109 1432 2212 Corn-cum
1453 2111 1523 2198 8³¹¹,-

311 2214 433 2285 mixtio
458 2205 577 2307 panis,
598 2214 634 2285 dc
657 2215 729 2287 vini
749 2255 758 2286 ‚
781 2211 939 2310 delignat
962 2215 1133 2287 unionem
1154 2214 1266 2287 carnis
1284 2267 1294 2296 ,
1312 2213 1348 2286 dr
1363 2184 1540 2333 {ummd

311 2313 446 2419 vnitnae,
464 2333 542 2410 qoae
559 2312 595 2387 in
609 2307 871 2417 Relurtedlione
884 2312 1012 2389 Christi
1024 2311 1144 2388 denuo
1163 2310 1243 2388 lunt
1260 2334 1349 2387 con·
1384 2282 1402 2346 Β

311 2411 428 2492 lunera
446 2436 456 2503 ;
471 2416 506 2485 da
532 2410 615 2486 ideo
641 2428 693 2485 ter
714 2409 853 2509 signum
881 2415 995 2488 crucis
1030 2418 1079 2485 im
1106 2413 1243 2486 rimitur
1264 2434 1349 2492 cum

311 2507 429 2587 Hostia
450 2508 550 2607 l'uper
573 2509 750 2596 Calicem,
774 2518 855 2612 quia
875 2517 986 2589 virtus
1004 2509 1064 2588 SS·
1077 2436 1258 2590 Jltinitatis
1279 2516 1352 2588 ani·

311 2633 400 2689 mam
423 2607 596 2692 Crucifiiii
621 2613 664 2685 ad
682 2634 813 2711 corpus
836 2616 978 2691 reduxit
998 2666 1007 2698 ,
1027 2636 1071 2686 ne
1092 2609 1350 2708 derelinqueret

311 2712 456 2787 enimam
477 2712 551 2803 ejus
568 2715 604 2785 in
624 2709 785 2794 inferno,
806 2712 986 2787 nec‘daret
1004 2710 1156 2786 santium
1175 2711 1248 2805 ejus
1268 2734 1352 2788 cor·

311 2831 370 2905 pus
397 2811 516 2886 videre
543 2813 825 2909 corruptionem.
864 2809 952 2888 Tres
979 2811 1045 2887 illae
1077 2807 1209 2896 Hostiae
1233 2830 1350 2907 partes

311 2907 464 2986 triforme
483 2906 610 2986 Christi
628 2911 779 3007 Corpus·
795 2910 1012 3008 significant,
1032 2929 1070 2987 ut
1089 2911 1286 3007 loquuntur
1304 2913 1353 2994 la·

311 3028 457 3089 :rorurn'
483 3012 617 3085 rituum
652 3014 869 3107 interpretes.
897 3011 978 3089 Pars
1002 3015 1038 3085 in
1069 3010 1223 3087 Calicem
1254 3009 1352 3089 milla

311 3106 473 3206 fignificat
499 3107 630 3189 Christi
658 3107 827 3207 Corpus,
847 3110 949 3212 quod
979 3113 1173 3187 amortuis
1205 3111 1353 3188 resurre-

311 3212 383 3292 xit,
405 3209 534 3286 l'cilicet
562 3208 742 3286 Christum
763 3208 900 3299 insum,
921 3207 1110 3304 Deiparam
1140 3210 1352 3306 Virginem,

311 3307 390 3383 &si
417 3313 478 3409 qui
507 3312 562 3391 alii
588 3310 705 3386 Sentii
729 3313 891 3386 redivivis
920 3313 1134 3406 corporibus
1159 3312 1230 3408 iarn
1261 3334 1352 3386 con·

311 3408 472 3486 ltrmniata
486 3408 890 3493 beatitudinefruuntur.
920 3407 1111 3504 Pars‚quae
1124 3409 1351 3498 comeditur,
1418 3450 1420 3460 ·

311 3501 436 3583 truens
461 3511 615 3585 interris
646 3511 833 3586 mortalem
860 3508 979 3591 adhuc
1010 3511 1119 3590 vitam
1141 3525 1285 3609 agentes
1309 3508 1351 3593 tr.

311 3604 469 3705 gnificat,
494 3612 555 3703 qui
581 3607 810 3689 sacramento
834 3628 1003 3696 utuntur,
1028 3610 1064 3684 δι
1089 3610 1267 3685 laboribus
1291 3626 1351 3687 va·

311 3706 426 3801 :illisue
458 3707 712 3787 calamitatibus
736 3724 999 3786 conteruntur,
1025 3706 1111 3790 ficut
1136 3710 1233 3805 panis
1261 3726 1352 3786 con,

311 3812 427 3882 :erirur
446 3806 624 3888 dentibus.
653 3807 758 3887 Pars,
780 3833 860 3907 quar
878 3809 1075 3884 servabatur
1098 3807 1184 3893 olim
1208 3828 1275 3905 pro
1295 3813 1354 3884 in-

311 3904 490 3982 irororunr
513 3907 803 3994 Commonione,
824 3921 1051 3984 nuncautem
1075 3926 1159 3984 curn
1175 3908 1279 3982 altera
1297 3907 1355 3984 lu-

311 4008 411 4081 mitur
437 4030 456 4080 a
488 4005 681 4083 Sacerdote
712 4009 936 4092 celebrante,
964 4004 1136 4101 fignificat
1161 4006 1352 4102 myllicom

311 4101 429 4187 Christi
442 4105 583 4204 Corpus
592 4109 710 4204 jacens
722 4111 757 4181 in
773 4106 933 4204 sepulcro
953 4104 1096 4204 ,Justos
1119 4105 1247 4181 scilicet
1261 4130 1356 4203 quu-

311 4227 380 4280 rum
400 4228 553 4301 corpora
578 4205 800 4311 requiescunt
826 4213 861 4281 in
886 4205 1120 4301 lepulcris,&
1149 4211 1276 4295 auintae
1297 4216 1355 4294 re,
1445 4250 1448 4275 .
1505 4204 1508 4212 ’

311 4323 414 4401 girant
435 4326 519 4384 cuni
546 4303 699 4384 Christo.
729 4305 826 4383 Hinc
846 4306 981 4402 vulgati
1007 4301 1136 4387 verius

397 4458 516 4542 Hostia
546 4465 713 4537 dividitur
739 4465 775 4535 r‘n
801 4481 934 4559 parte53
957 4462 1062 4532 cinito
1088 4459 1230 4544 bertot,-

399 4562 496 4635 elene
516 4559 599 4650 ficta
619 4584 712 4637 norat
743 4567 843 4635 vivos
862 4595 875 4643 ,·
897 4564 1029 4648 servata
1050 4559 1204 4656 sepultos.

350 4715 443 4797 Duae
469 4737 584 4819 partes
614 4719 755 4798 seorfios
784 4738 885 4796 extra
916 4719 1073 4798 Calicem
1110 4716 1348 4819 reservantur,

311 4820 394 4962 tussi
419 4839 517 4906 extra
531 4817 752 4937 pallionem‘,
775 4842 854 4919 quae
873 4843 935 4941 per
958 4817 1356 4939 Calicemdeligoatur.

311 4922 457 5001 ¹„titillor
482 4944 579 5003 vnvm
599 4920 783 5021 resurgens
805 4942 852 4997 ex
875 4936 1055 5025 mortuis,
1077 4942 1151 5014 ianr
1171 4941 1248 5005 oon
1274 4940 1367 4997 mo·.

815 5020 942 5113 003
1017 5082 1023 5091 .
1258 5022 1306 5101 ri·
1423 5010 1618 5130 Ι
