3892 6434
1184 726 1187 737 ¹
1309 737 1331 781 Ι

445 941 554 1033 ·De
582 941 849 1078 Sacramento
874 900 1150 1046 Eucharistiae.
1229 972 1348 1052 ι,309
1414 1027 1418 1033 .
1546 1000 1551 1011 ·

303 1111 520 1192 existimesne
547 1114 778 1213 quadraginta
798 1116 871 1192 dies
896 1116 960 1191 tibi
975 1111 1129 1197 sufficere
1150 1113 1195 1195 ad
1218 1137 1346 1203 emun-

303 1218 487 1290 dationem
501 1231 732 1312 peccatorum
752 1218 863 1293 totius
875 1229 947 1290 tem
978 1218 1047 1290 oris
1068 1215 1085 1297 l
1111 1214 1250 1293 Etcum
1268 1238 1348 1295 rur·
1546 1298 1549 1306 ,

303 1315 360 1390 fus
382 1314 583 1412 praeterierit
607 1313 854 1400 hebdomada,
885 1331 920 1389 te
941 1238 1040 1391 Xedis
1056 1313 1258 1414 prioribus?
1272 1311 1346 1392 Dic
1447 1395 1456 1407 ‚

303 1415 391 1490 mihi
420 1469 429 1498 ,
456 1410 480 1488 st
507 1436 590 1490 cum
651 1415 855 1512 uadraginta
879 1412 1044 1489 diebusa
1070 1415 1185 1511 longo
1211 1417 1344 1492 morbo

303 1514 541 1597 convalueris,
563 1437 677 1590 rurlus
703 1509 739 1589 t'e
758 1514 863 1590 dedas
888 1515 974 1591 cibis
994 1511 1060 1588 iliis
1080 1563 1091 1597 ‚
1111 1515 1172 1613 qui
1195 1515 1344 1595 morbos

302 1632 515 1708 procreant;
532 1637 605 1688 non
622 1617 726 1690 etiam
740 1616 892 1708 priorem
913 1612 1029 1711 perdis
1048 1614 1234 1695 labotemi
1248 1614 1345 1691 Nam

261 1788 271 1797 ,
302 1707 329 1788 ir
352 1729 553 1797 mutantun,
574 1737 653 1809 quae
669 1713 749 1790 l'unt
772 1713 957 1791 naturalia.
973 1711 1215 1812 multomagis
1235 1767 1246 1799 ‚
1264 1734 1346 1810 quae

302 1812 413 1888 nostri
433 1810 511 1888 sunt
532 1813 699 1899 instituti,
727 1816 763 1889 dc
786 1814 882 1891 liberi
903 1813 1065 1899 arbitrii,
1083 1867 1093 1890 .
1118 1808 1206 1895 Haec
1219 1813 1350 1904 dico,

302 1930 380 1988 non
397 1912 529 1987 abono
555 1955 565 1986 >
588 1912 790 2012 eodemque
812 1935 935 2013 arrnuo
952 1909 1089 1989 accessu
1110 1935 1176 1990 vos
1199 1934 1347 1997 arcens,

304 2010 361 2088 [ed
386 2010 508 2086 volens
536 2034 600 2087 vos
622 2029 796 2192 perlpetuo
813 2011 863 2085 ad
885 2009 1007 2093 sancia
1028 2013 1196 2088 accedere
1217 2067 1239 2104 ,‚
1252 2067 1290 2104 „.

354 2113 386 2183 S.
409 2113 654 2202 Hieronymus,
705 2111 769 2206 pist
795 2105 853 2187 28.
880 2110 924 2187 ad
951 2107 1164 2191 Luciniuntr
1185 2167 1208 2204 „
1223 2166 1245 2203 „
1271 2106 1349 2191 Uti,

305 2224 387 2285 nam
409 2210 573 2303 (inquit)
592 2213 873 2310 omnitempore
891 2209 1049 2304 jejunare
1068 2207 1264 2308 poliemus?
1281 2206 1352 2286 Eu·

304 2308 499 2387 chatilliam
520 2333 667 2409 quoque
683 2310 811 2405 abique
832 2310 1144 2387 condemnatione
1156 2310 1265 2397 nostri
1282 2351 1293 2386 ,
1312 2306 1351 2385 &

304 2410 491 2509 pungente
509 2411 720 2491 conici-entia
734 2410 868 2507 semper
888 2412 1069 2507 accipere.
1084 2412 1120 2485 &
1140 2407 1348 2491 Pl'almistam

305 2508 425 2585 andire
440 2511 617 2591 dicentem
631 2534 640 2585 ε
653 2505 807 2589 Gustare,
827 2511 870 2582 (c
882 2510 1011 2597 uidere,
1021 2514 1171 2609 qnoniam
1178 2508 1292 2597 suevis
1305 2502 1349 2584 eii
1364 2510 1464 2585 Ptolo·
1478 2526 1525 2590 ll.

305 2612 481 2688 Dominus,
517 2612 561 2678 Er
584 2606 686 2700 Epist.
703 2631 754 2698 50-
785 2609 868 2688 Scio
894 2606 1022 2691 Romae
1049 2610 1141 2686 hanc
1167 2607 1234 2685 elle
1260 2630 1351 2685 con·

306 2707 526 2784 suetudinem
550 2760 560 2788 ‚
582 2726 622 2786 ut
640 2707 772 2789 Fideles
797 2710 930 2805 semper
953 2708 1081 2786 Christi
1103 2708 1246 2808 Corpus
1260 2710 1352 2788 acci.-

306 2811 426 2906 piant3
440 2808 538 2903 quod
550 2809 866 2906 necreprehendo,
882 2831 947 2884 nec
960 2812 1077 2908 probo
1090 2828 1101 2900 ;
1117 2807 1352 2908 unusquique

308 2909 456 2982 enimin
489 2906 551 2983 luo
564 2908 664 2989 l'eul'u
685 2906 842 2984 abundet
864 2963 887 2998 „
903 2955 938 2998 „.
1465 2993 1473 3010 ,

358 3003 591 3093 &Ambastai
621 3008 680 3083 lib.
696 3029 727 3095 ς.
752 3011 790 3075 de
811 3006 1054 3091 decrementis,
1081 3024 1208 3102 cap-4.
1230 3061 1286 3098 Μ
1313 3000 1350 3081 si
1385 2995 1434 3057 Sic
1444 3011 1546 3057 viven-

308 3106 537 3204 quotidianus
555 3107 604 3184 est
624 3105 744 3192 Panis,
766 3128 830 3182 cur
850 3107 930 3202 post
949 3112 1082 3182 aunum
1100 3106 1198 3193 illum
1220 3104 1345 3187 limis,
1370 3071 1546 3227 ssssssassiflt

308 3207 613 3303 quemadmodum
640 3204 754 3286 Gtaeci
780 3209 815 3281 in
845 3203 996 3284 Oriente
1020 3206 1133 3284 facere
1155 3204 1345 3281 conluere·
1370 3226 1452 3286 urana
1481 3218 1529 3282 su·

308 3305 419 3381 runt?
450 3307 582 3401 Accipe
603 3307 788 3404 quotidie,
813 3306 913 3403 quod
941 3305 1104 3404 quotidie
1131 3309 1200 3394 ¹tibi
1227 3301 1348 3402 proiit.
1378 3319 1457 3362 mere
1487 3315 1548 3372 me·

309 3404 368 3480 Sic
385 3408 481 3489 vive,
503 3423 541 3481 ut
556 3407 716 3503 quotidie
730 3409 890 3482 merearis
903 3408 1073 3501 accipere·
1098 3404 1174 3509 Qui
1188 3429 1263 3482 non
1277 3426 1350 3478 me·
1374 3393 1499 3449 “mu“

310 3522 404 3579 retur
428 3505 588 3600 quotidie
620 3509 800 3600 accipere,
825 3530 899 3580 non
927 3510 1081 3582 meretur
1100 3507 1184 3604 poli
1216 3525 1351 3584 annum

310 3607 490 3697 accipete;
513 3606 703 3699 quomodo
721 3603 794 3702 Job
813 3603 945 3681 fannus
959 3627 1025 3703 pro
1045 3603 1119 3681 filiis
1139 3604 1205 3696 suis
1224 3602 1353 3681 offere.
1381 3636 1384 3642 ’

310 3703 371 3775 bat
384 3705 542 3798 quotidie
555 3704 794 3790 Sacrificium,
810 3729 853 3779 ne
866 3706 959 3779 [orte
969 3704 1101 3801 aliquid
1117 3704 1170 3792 vel
1192 3707 1225 3778 in
1241 3703 1353 3792 cordo
1466 3709 1469 3723 '

311 3799 366 3874 vel
382 3803 415 3874 in
430 3799 591 3879 sermone
605 3799 813 3900 peccalient·
835 3801 934 3898 Ergo
951 3819 991 3879 tu
1006 3803 1123 3880 audis.
1140 3803 1240 3901 quod
1260 3824 1355 3902 quo·

313 3898 445 3974 tiel'cun
474 3925 517 3979 ue
527 3899 675 3982 offertur
693 3900 928 3987 Sacrificium,
947 3924 1044 3976 mors
1058 3901 1231 3987 Domini,
1245 3900 1357 3977 resur·

312 3998 420 4073 tellio
438 3923 615 4086 gemini,
639 4004 787 4076 elevatio
810 3999 961 4076 Domini
983 3999 1217 4095 lignificetur,
1246 4001 1281 4075 dr
1303 4024 1359 4074 re·

313 4095 427 4173 millio
439 4117 690 4193 peccatorum3
710 4103 883 4196 &panem
895 4099 1000 4176 illum
1015 4105 1093 4183 vitae
1106 4101 1355 4197 quotidianum

314 4221 391 4285 non
407 4195 570 4273 aliumis?
590 4197 665 4292 Qui
677 4201 803 4276 vulnus
820 4198 926 4274 habet
941 4254 952 4284 ,
974 4199 1184 4290 medicinam
1198 4199 1356 4292 requirit.

311 4292 454 4370 Vulnus
486 4298 558 4376 est,
581 4302 661 4395 quia
684 4299 917 4396 sub-peccato
947 4296 1072 4379 sumus.
1104 4299 1284 4377 Medicina
1307 4295 1358 4386 eil

313 4395 477 4481 coeleste,
499 4397 534 4471 dr
558 4400 750 4483 venerabile
773 4401 1052 4479 sacramentnm.
1080 4406 1197 4468 Panem
1220 4391 1359 4469 nolenter

313 4499 537 4586 qnotidianam
553 4498 595 4571 dn
610 4495 699 4570 nobis
723 4492 826 4570 nodie.
856 4495 1031 4593 Quotidie
1053 4496 1078 4574 li
1098 4499 1246 4595 accipis,
1267 4513 1363 4590 quo·
1390 4538 1395 4549 ·

312 4594 485 4669 terretur
509 4595 789 4688 nouieest„.
879 4596 891 4603 '⁴
1433 4647 1455 4692 4
1493 4642 1526 4664 .-

362 4700 396 4765 ὅ.
416 4696 550 4786 Angnli.
591 4694 685 4793 Epist
731 4714 790 4802 54,
824 4696 903 4773 alias
923 4708 1004 4780 118.
1043 4696 1088 4770 ad
1128 4689 1360 4801 Januariuntr
1392 4702 1561 4790 suendo

314 4848 337 4884 „
352 4850 373 4881 „
402 4795 473 4868 illia
496 4810 581 4876 vero
608 4791 773 4888 (inquit)
800 4820 879 4895 quae
899 4821 961 4887 per
982 4797 1060 4885 loca
1085 4796 1285 4885 terrarum,
1308 4816 1366 4880 ,ren
1394 4779 1545 4918 fficiam

308 4894 510 4995 ¹gionel'qtre
543 4899 741 4987 variantur,
753 4894 863 5086 ῧεξιί
895 4899 967 4985 eil.
993 4895 1094 5011 quod
1127 4896 1182 4980 alii
1201 4898 1362 5075 jegurta'ant
1396 4933 1504 5067 „01:12
1509 4891 1570 4990 nn.

656 5045 662 5055 ,
1107 5040 1111 5060 -,
1259 5021 1320 5070 a·
1405 5025 1454 5069 een
