3892 6434
475 912 547 1004 De
574 910 844 1004 Sacramento
872 908 1151 1012 Eucharistiae:
1270 916 1357 1026 ιη’
1391 1026 1393 1033 Ι

299 1087 412 1187 igitur
435 1107 512 1161 non
537 1083 813 1163 manducaretur
834 1105 846 1167 3
867 1078 957 1164 llcut
983 1083 1106 1167 Deus,
1121 1086 1203 1187 quia
1217 1086 1354 1187 ubique

302 1190 373 1275 est,
389 1210 464 1263 non
479 1201 644 1269 movetur
664 1208 748 1261 cum
764 1187 890 1270 rebus,
913 1188 950 1260 in
973 1190 1102 1284 quibus
1125 1188 1175 1264 est
1189 1238 1198 1265 ,
1212 1190 1249 1262 ds
1267 1189 1353 1265 ideo

301 1287 386 1364 licet
410 1284 452 1362 fit
472 1287 508 1360 iu
529 1306 641 1382 pane,
658 1306 732 1360 non
757 1298 874 1362 tamen
888 1288 1122 1364 manducatur
1143 1307 1354 1385 campanea

303 1390 342 1463 dr
358 1387 442 1463 licet
468 1383 510 1460 stt
539 1387 575 1459 in
594 1407 673 1459 aere
693 1428 704 1462 2
728 1408 804 1460 non
826 1402 945 1461 tamen
970 1387 1156 1482 attrabitur
1173 1409 1258 1465 cum
1274 1409 1355 1465 aero
1409 1390 1411 1409 '

302 1488 394 1565 iutra
416 1482 558 1581 pestus,
575 1486 842 1579 nequeejicitur
858 1506 968 1567 ,cum
995 1485 1212 1584 respiramus.
1241 1484 1356 1563 Deni-

330 1608 377 1665 tre
394 1584 419 1661 fi
434 1583 562 1661 Christi
585 1582 727 1678 Corpus
756 1581 840 1659 esset
866 1584 1033 1683 ubique,
1061 1608 1136 1661 non
1167 1609 1355 1761 egeremus

302 1610 518 1765 lutharium
534 1730 545 1767 ,
559 1701 599 1760 ut
614 1683 740 1761 Christi
756 1683 897 1780 Corpus
919 1682 1153 1767 haberemusa
1208 1687 1357 1784 quidem

303 1786 394 1865 illud
415 1785 624 1861 haberemus
637 1789 673 1858 in
692 1807 805 1880 pane»
830 1785 867 1858 de
901 1787 988 1861 rino
1004 1829 1012 1860 2
1029 1789 1064 1859 ἃ
1080 1788 1115 1860 ἰη
1129 1786 1290 1884 quolibet
1306 1789 1360 1860 cl-

307 1888 379 1974 bo,
394 1908 471 1983 quo
488 1883 542 1959 ad
560 1883 787 1960 refectionem
810 1888 970 1974 utimur;
987 1885 1150 1986 adeoque
1177 1883 1255 1963 falsa
1270 1882 1356 1962 esset

304 1987 364 2063 illa
381 1991 411 2056 S.
433 1979 605 2076 Augrssliat
621 1983 800 2085 Sententia
813 1983 873 2060 lib·
884 2004 944 2060 20.
957 2008 1071 2054 contra
1088 1981 1260 2073 Faustum,
1273 2007 1353 2083 cap·

312 2106 368 2175 ¹3·
387 2139 441 2179 ‚,„
470 2082 601 2160 Noster
625 2100 742 2159 autem
761 2088 877 2180 panis,
889 2086 926 2159 ἃ
952 2084 1045 2161 calix
1062 2108 1136 2163 non
1151 2085 1310 2182 quilibet·
1322 2124 1355 2155 .-

303 2186 364 2264 sed
404 2197 499 2261 certa
510 2182 787 2263 consecratione
816 2183 985 2282 mysticus
1007 2183 1048 2262 sit
1080 2186 1184 2263 nobis
1208 2184 1354 2282 Corpus

305 2284 470 2371 Christi,
501 2307 576 2359 noo
606 2284 767 2359 nascitur·
793 2283 947 2361 Proinde
965 2284 1067 2382 quod
1099 2309 1174 2363 non
1210 2288 1257 2362 ita
1293 2282 1357 2363 fita

305 2388 470 2486 quamvis
491 2382 533 2458 srt
557 2387 675 2481 panis,
699 2385 734 2457 dc
754 2384 867 2471 calix,
891 2384 1100 2462 alimentum
1125 2385 1175 2461 est
1197 2384 1367 2482 resectio·v

307 2490 388 2563 nis,
413 2508 487 2560 non
514 2484 781 2559 Sacramentum
808 2481 1004 2583 Religionis
1030 2540 1099 2577 ‚‚„.
1129 2482 1358 2583 Perspicuum

306 2588 418 2683 igitur
428 2580 743 2669 est,Lutheranam
754 2581 991 2683 Hypothesim
1005 2586 1207 2682 ubiquitatis
1217 2588 1377 2683 corpo·-

307 2689 355 2762 ris
369 2681 501 2763 Christi
518 2692 673 2759 evertere
696 2679 1202 2765 EucharistiaeSacramentum·

361 2783 402 2861 ln
426 2778 638 2860 Eucharistia
663 2801 780 2859 tamen
807 2785 856 2859 est
883 2782 1010 2860 Christi
1038 2784 1182 2882 Corpus
1202 2781 1265 2859 sub
1285 2780 1361 2881 spe·
1416 2764 1562 2904 empore„

308 2887 433 2962 clebus
447 2886 558 2960 ubivis
575 2882 742 2959 locorum
755 2884 983 2961 consecratis,
1003 2900 1043 2961 ut
1063 2889 1099 2961 in
1116 2883 1356 2959 sacramento.
1387 2847 1561 3002 ffiwe

310 2983 429 3079 Quod
451 2982 652 3059 incredibile
676 2981 785 3057 videti
814 3007 890 3059 non
912 2986 1029 3064 debet.
1057 3031 1111 3077 ‚„,
1139 2982 1174 3059 Si
1189 2988 1275 3052 enim
1294 2982 1359 3060 hu·
1386 2998 1441 3062 bus
1465 2984 1562 3062 obiri·

310 3107 421 3161 mano
442 3085 552 3160 verbo
580 3080 679 3159 Deus
703 3096 840 3158 tantum
863 3085 1040 3177 prestitit,
1065 3100 1198 3162 utnon
1221 3096 1360 3159 tantum
1390 3072 1546 3157 locorum,

310 3186 447 3282 ipsum,
469 3181 526 3258 led
550 3187 655 3257 etiam
681 3204 775 3265 vox,
793 3205 863 3282 qua
888 3183 1165 3282 quodammodo
1187 3182 1358 3270 vestitur,
1389 3151 1565 3244 9⁰¹¹s⁸⁶¹³l¹⁸

312 3284 358 3360 ud
384 3281 481 3358 mille
513 3281 814 3358 homineseadem
844 3281 1138 3385 insutusque
1163 3287 1362 3381 pertingere
1387 3228 1564 3378 gemman-

312 3382 446 3476 valeat3
467 3402 576 3456 nemo
596 3382 667 3459 hoc
688 3381 800 3478 ipsum
815 3381 859 3459 de
872 3386 1131 3483 omnipotentis
1148 3382 1216 3463 Dei
1230 3389 1360 3469 unico,
1379 3382 1567 3521 fefimmffl‘

313 3484 352 3559 δι
366 3484 617 3578 omnipotente
625 3482 877 3567 ‚&coaetemo
892 3482 1139 3568 Verbo‚&de
1151 3508 1257 3563 carne
1269 3486 1366 3579 eius,
1392 3452 1568 3613 'gssoeffgffl

314 3604 425 3683 quam
449 3580 627 3667 fimrliter,
648 3597 688 3657 ut
710 3586 812 3659 nobis
830 3582 941 3680 ipsum
966 3583 1127 3661 Verbum
1155 3600 1340 3685 appareret
1356 3626 1365 3661 2
1382 3556 1467 3681 liam,

315 3682 477 3767 vestivit,
498 3678 559 3756 etsr
572 3704 697 3779 capere
716 3704 791 3758 non
810 3680 934 3780 posit,
949 3682 1077 3761 habere
1090 3684 1293 3761 incredibile
1307 3686 1368 3758 de·

315 3782 405 3868 bet,
423 3780 525 3881 quod
542 3782 586 3855 de
597 3779 831 3876 tagininum,
848 3784 884 3857 ἃ
906 3782 1105 3860 transitorio
1128 3790 1237 3859 verbo
1251 3784 1371 3860 homi·
1411 3838 1415 3847 ·

315 3885 391 3967 nis,
416 3884 453 3956 dr
487 3885 744 3958 momentaneis
769 3884 937 3969 vocibus⁵
962 3880 1381 3981 vixque'exislentibus.'

317 3982 356 4058 dc
377 3996 560 4079 nunquam
577 3980 740 4079 praevalet
755 4005 901 4078 capere,
920 3984 956 4057 aa
978 4001 1095 4059 tamen
1123 4002 1214 4080 pene
1235 3983 1373 4080 semper
1487 4042 1489 4057 .

318 4083 570 4177 experimento
597 4080 756 4156 habet-0·
781 4080 893 4175 Ipsum
920 4097 1017 4158 certe
1040 4086 1192 4158 animam
1216 4084 1373 4160 nostram

318 4202 498 4277 corpore,
513 4181 613 4278 quod
639 4185 906 4275 corrumpitur,
924 4200 1176 4281 aggravatam,
1199 4198 1275 4258 non
1294 4204 1376 4276 par·

318 4278 494 4356 ticulatim
521 4303 582 4373 per
605 4278 737 4378 singula
761 4283 918 4357 membra
943 4282 1076 4368 dividi,
1095 4282 1149 4357 sed
1169 4286 1206 4357 in
1230 4282 1374 4376 singulis

318 4379 557 4480 portiunculis
570 4392 757 4481 totamque
767 4383 941 4476 integram
956 4385 1156 4469 contineri,
1170 4378 1209 4457 B·
1224 4380 1370 4478 August.

320 4475 525 4556 validissime
545 4483 683 4575 probat·
711 4480 788 4573 Qui
808 4504 897 4576 ergo
908 4480 1002 4557 hanc
1022 4482 1146 4557 anlmae'
1162 4480 1288 4556 nostrae
1309 4502 1378 4577 po·

319 4581 470 4654 tentiam
506 4580 653 4676 praebuit
668 4635 678 4664 ,
696 4602 736 4657 ut
757 4602 837 4656 arna
868 4580 1090 4681 eademque,
1112 4586 1147 4655 δι
1169 4580 1312 4656 indivisa
1338 4584 1377 4658 iu
1401 4584 1410 4603 '

321 4676 467 4774 singulis
483 4678 681 4776 quibusque
701 4677 877 4777 particulis
899 4679 948 4757 sul
967 4680 1271 4777 corporiseodem
1285 4694 1379 4755 tem·
1463 4728 1466 4733 -

320 4800 413 4877 pore
436 4791 513 4854 tota
536 4777 703 4854 consiliat
718 4776 859 4879 ;'quare
873 4778 1107 4879 suaepropriae
1126 4782 1221 4856 carni
1245 4779 1280 4854 id
1299 4782 1333 4854 di
1362 4824 1380 4844 ·

262 4900 265 4905 ·
320 4878 440 4955 nitatis
463 4930 474 4962 ,
501 4876 525 4951 li
547 4878 642 4963 vult,
660 4878 742 4989 darc
766 4902 842 4957 uon
865 4877 996 4970 valeat,
1029 4894 1070 4961 ut
1087 4880 1158 4981 ipsa
1179 4883 1215 4957 in
1238 4802 1379 4957 diverlr
1591 4958 1599 4967 ,
1682 4950 1687 4957 .

378 4978 655 5057 rendra
758 5050 763 5057 ,
865 4974 936 5059 N=
1100 4996 1189 5033 ·'
1277 4976 1329 5057 lui

1180 5190 1182 5195 Ι
1344 5240 1376 5277 A
