3892 6434
382 1032 385 1036 Χ
477 914 548 1004 De
575 911 842 1002 Sacramenta
869 904 1148 1007 Eucharistiae)
1260 933 1349 1022 445-
1423 900 1427 909 “

348 1088 405 1170 Ex
436 1084 603 1166 Concilio
634 1080 917 1178 Rothomagenli
949 1074 1178 1173 ann01581.
1209 1080 1283 1161 Tit·
1304 1086 1351 1165 le,
1487 1076 1489 1081 ’

300 1196 526 1272 cirratorum,
560 1191 603 1257 (φ
641 1186 915 1254 Perochienorum
960 1181 1111 1272 Officiis,
1144 1183 1256 1262 Num.
1280 1206 1341 1273 23.

301 1347 358 1386 „‚‚
388 1286 573 1382 Quoniam
607 1283 769 1379 (inquit)
794 1285 955 1360 videmus
980 1283 1114 1360 multos
1145 1286 1272 1361 adduci
1297 1284 1345 1362 ad

303 1406 565 1489 praceptorum
577 1382 757 1470 Ecclesiae,
779 1385 816 1459 dc
836 1383 1078 1460 ministrorum
1090 1382 1242 1475 ejusdem
1256 1407 1346 1462 con·

303 1506 511 1586 temptum,
542 1508 617 1561 non
642 1484 741 1561 facile
769 1486 1001 1560 admittantur
1033 1482 1285 1563 fundationes,
1304 1487 1345 1560 dc

303 1589 496 1667 messiones
518 1582 766 1680 Capellarum,
786 1587 821 1658 &
849 1582 1139 1669 Fraternitatutn,
1159 1585 1196 1658 in
1217 1586 1346 1682 quibus

305 1692 490 1767 ordinatur
507 1688 696 1761 celebratio
717 1680 830 1760 lllilsae
848 1683 1046 1760 Dominico
1061 1683 1139 1768 die,
1163 1705 1201 1758 ea
1217 1681 1349 1783 potissi-

304 1813 405 1869 mum
428 1787 542 1869 bora,
566 1808 634 1882 qua
657 1784 813 1881 populus
833 1783 1011 1860 universus
1030 1787 1222 1858 convenire
1242 1784 1350 1860 debet

304 1890 348 1966 ad
371 1885 544 1963 audienda
562 1887 679 1958 divina
701 1900 875 1981 precepta
908 1881 1011 1980 Dei,
1039 1885 1075 1959 dc
1101 1880 1269 1971 Ecclesiae·
1305 1881 1351 1959 ln

306 1985 417 2065 Missis
439 2010 524 2062 vero
566 1985 810 2071 charitatum,
839 2000 946 2082 atque
978 1983 1121 2061 aliarum
1144 1981 1351 2059 staternita·

304 2103 383 2166 tum
407 2090 451 2162 ab
476 2087 627 2185 antiquo
664 2106 709 2158 eo
730 2083 788 2159 die
809 2085 1082 2160 constitutarum
1107 2138 1117 2167 ,
1142 2106 1209 2160 nec
1231 2106 1347 2180 aqua.

305 2212 374 2265 nec
387 2189 484 2284 panis
505 2184 757 2261 benedicantur
769 2185 825 2277 3&
839 2181 1074 2260 interillarurn
1095 2180 1277 2261 Missurum
1295 2183 1357 2257 soi

306 2288 435 2365 lemnia
474 2299 662 2359 moneatur
692 2307 767 2358 non
794 2279 861 2358 else
894 2280 1354 2382 praeeminentissimum

307 2386 529 2486 parochiales
558 2398 706 2482 propter
746 2380 962 2459 assistentiam
985 2386 1020 2459 in
1043 2380 1146 2462 milla
1173 2431 1182 2461 a
1206 2404 1285 2483 quae
1306 2401 1354 2459 ex

306 2489 502 2562 devotione
536 2485 609 2572 ,dt
639 2481 788 2561 consalin
823 2484 1027 2560 celebratur.
1072 2483 1240 2582 Quisquis
1266 2505 1376 2577 vero

306 2584 492 2684 Presbyter
519 2589 555 2661 in
586 2583 650 2659 alia
672 2579 798 2668 Missa,
826 2606 934 2680 quam
964 2580 1134 2660 Paraeciall
1161 2632 1172 2667 ,
1195 2606 1353 2683 aquam,

307 2687 345 2762 dc
368 2709 496 2780 panem
518 2684 756 2769 benedixerit,
787 2681 829 2758 lit
856 2682 1068 2778 suspensura
1090 2681 1232 2762 Divinis
1257 2735 1328 2774 „,‚.

360 2785 413 2861 Ex
425 2784 591 2860 Concilio
601 2778 840 2879 Burdigalenli
851 2783 933 2858 anni
948 2775 1052 2877 1583.
1067 2805 1144 2884 cap.
1161 2805 1192 2875 ς.
1205 2841 1227 2876 „
1240 2840 1265 2874 „
1278 2778 1354 2860 Ve·
1463 2812 1466 2817 ·

310 2899 368 2963 tus
389 2889 493 2960 etiam
515 2884 600 2961 illud
613 2880 810 2960 Decretum
825 2882 1019 2958 identidem
1029 2881 1239 2960 denuntient
1254 2931 1263 2954 =
1276 2905 1357 2983 quo
1463 2942 1468 2947 -

311 2983 495 3088 proposita
518 2984 906 3061 excommunicationis
932 3005 1040 3078 poena
1063 2987 1283 3080 precipitur,
1309 3007 1357 3061 ne

310 3090 388 3183 quis
407 3087 518 3160 tribus
539 3086 719 3160 continuis
749 3079 938 3159 Domincis
962 3106 982 3159 a
1008 3083 1215 3181 parochialis
1242 3082 1358 3162 Missae

312 3186 548 3262 celebratione
560 3179 657 3260 absit.
682 3183 824 3277 Quod,
843 3198 882 3257 ut
901 3186 1097 3259 accuratius
1111 3183 1228 3260 adhuc
1241 3184 1357 3261 obser·

310 3302 413 3361 netur
436 3338 446 3371 ,
479 3281 692 3361 sciscitentur
728 3280 973 3359 Confellarila
1000 3287 1258 3377 poenitentibus
1278 3338 1288 3371 ,
1308 3307 1356 3362 an

310 3383 397 3461 huic
418 3381 540 3461 officio
561 3382 810 3462 satisfecerintt
840 3386 875 3457 &
906 3387 1040 3479 peccati
1065 3386 1293 3481 gravitatem,
1313 3397 1355 3464 ut

311 3487 356 3563 ab
381 3507 426 3560 eo
450 3483 681 3577 imposterum
705 3500 911 3569 arceantur,
935 3481 1014 3584 iulis
1031 3500 1322 3585 proponant„„.

362 3581 416 3661 Ex
427 3582 596 3660 Concilio
606 3580 805 3660 Turonenfi
820 3587 900 3658 anni
915 3596 1019 3673 1583.
1034 3607 1110 3681 cap.
1128 3602 1250 3682 15·‚‚‚.·
1267 3587 1356 3667 San·

314 3683 453 3761 ssorum
465 3676 942 3780 Parrum(iaqair)antiqua
953 3681 1106 3761 Decreta
1119 3701 1353 3772 renovantes,

317 3786 511 3867 omnibus,
530 3784 566 3856 de
593 3779 736 3879 singulis
758 3783 886 3862 Christi
918 3781 1114 3871 Fidelibus,
1143 3783 1209 3861 suis
1245 3783 1355 3862 mitur

314 3880 575 3959 Paraecialibum
598 3881 725 3955 &aliis
745 3882 880 3961 suarum
895 3880 1122 3961 Paraeciarum
1156 3883 1284 3961 divinis
1299 3884 1357 3960 of·

314 3980 425 4063 ficiis,
441 3979 583 4078 fingulis
594 3979 717 4056 diebus
731 3979 933 4059 Dominicis
948 4038 957 4068 ,
972 3984 1009 4059 dc
1021 3981 1160 4061 Festivis
1173 3982 1355 4066 interesse,

315 4080 466 4158 disttisle
484 4082 705 4177 praecipimus
726 4103 768 4164 aa
787 4084 918 4183 quibus
937 4081 962 4159 st
984 4107 1047 4182 per
1067 4099 1142 4160 tres
1179 4084 1252 4160 dies
1276 4082 1370 4162 Do··

316 4183 468 4256 minicos
491 4183 664 4256 continue
695 4177 879 4282 sequentes
907 4183 986 4259 illos
1009 4180 1122 4260 abesse
1144 4187 1357 4282 contingat,
1486 4276 1488 4280 ,

317 4279 379 4357 nili
394 4281 555 4377 legitimo
575 4281 834 4378 impedimento
843 4284 1059 4361 retineantur
1070 4327 1079 4359 s
1091 4306 1216 4383 poenas
1227 4308 1246 4359 a
1257 4283 1368 4359 sacris·

317 4379 525 4459 Canonibus
547 4380 689 4457 indislas
714 4384 892 4458 incurrere
909 4382 1263 4483 declaramus3quod
1292 4381 1360 4459 illie

317 4479 367 4557 sui
398 4477 566 4557 Redones
590 4535 601 4566 ,
623 4481 659 4555 dc
686 4478 892 4560 Confessarii
923 4481 1044 4581 sapius
1080 4486 1255 4561 inculcare
1280 4503 1358 4559 non

318 4583 498 4656 omittant.
527 4578 573 4659 Et
605 4602 651 4655 ne
680 4597 855 4679 praetextu
896 4582 1100 4660 divinorum
1127 4578 1361 4667 officiorum,

317 4702 398 4855 suae
417 4685 454 4755 in
478 4678 551 4756 aliis
577 4676 733 4797 scelestis
757 4706 895 4803 &qums
927 4682 1164 4799 Paraecialibus
1193 4682 1360 4798 celebrari

332 4779 453 4863 olent,
477 4801 636 4856 revocati
659 4798 720 4859 aut
743 4782 883 4861 distrahi
903 4780 1057 4884 polllnts
1085 4805 1257 4880 malorem
1277 4778 1361 4858 Mis·
1461 4818 1465 4827 ·

317 4878 416 4969 um,
438 4881 476 4959 dc
500 4876 907 4976 vestierario-Ecclesia
923 4882 1078 4997 Catlred¹
1104 4966 1110 4993 Ι,
1195 4914 1214 4963 a
1239 4878 1369 4959 Colles

1180 4983 1316 5080 ¹gistis,

924 5338 996 5367 ᾖ
