3892 6434
452 927 559 1019 [De
586 924 855 1022 sacramento
880 864 1156 1022 liucitaristiae.
1270 934 1350 1040 '421

306 1106 346 1181 dr
376 1101 472 1188 trini,
491 1099 619 1203 quibua
647 1096 705 1175 iile
733 1101 913 1195 acceptis,
943 1099 1111 1187 laudem,
1136 1102 1173 1177 dt
1201 1099 1356 1199 gloriam

304 1226 428 1281 rerum
454 1197 831 1285 univeriatunt-Patti,
853 1208 914 1298 per
939 1196 1073 1277 nome'n
1092 1199 1194 1286 'Filii,
1215 1203 1251 1276 &
1276 1203 1357 1298 Spi·

306 1306 397 1380 ritus
422 1300 523 1384 santii
549 1296 682 1378 offert,
702 1299 740 1373 be
765 1295 1012 1379 Eucharistiam
1033 1356 1043 1387 ,
1066 1300 1137 1378 five
1191 1304 1356 1385 retiatum

307 1403 509 1486 abionem,
529 1422 596 1495 pro
618 1421 687 1483 eo,
710 1398 812 1497 quod
833 1422 902 1480 nos
918 1400 1023 1482 dono
1040 1398 1107 1477 suis
1121 1325 1213 1478 hide
1230 1404 1357 1498 digna.

308 1517 366 1578 tus
392 1500 457 1585 stt,
483 1499 622 1597 prolixe
654 1501 852 1597 exequitur·
880 1502 998 1598 Atque
1026 1501 1087 1577 ubi
1117 1501 1183 1576 illae
1208 1525 1356 1597 preces,

308 1603 347 1676 δι
371 1602 561 1695 gratiarum
585 1597 738 1678 aciones
760 1596 928 1699 absolvit,
952 1601 1131 1705 populus,
1153 1605 1213 1697 qui
1237 1601 1357 1684 adest,

308 1703 427 1783 omnis
443 1698 550 1775 fausta
573 1699 832 1796 approbatione
846 1700 1040 1786 acclamat,
1059 1700 1201 1781 dicensi
1226 1708 1356 1788 Amen,

304 1803 425 1881 Amen
451 1816 568 1876 autem
593 1821 683 1873 voce
707 1795 880 1883 Hearaea,
908 1797 1006 1885 Fiat,
1028 1797 1207 1895 fignificat.
1241 1797 1356 1874 Pseu,

308 1900 396 1981 dens
418 1922 503 1982 vero
523 1897 710 1994 postquam
721 1901 912 1994 gratiarum
935 1899 1110 1975 abionem
1132 1897 1301 1994 perfecit,
1317 1900 1355 1973 dc

308 1999 467 2096 populus
494 1996 670 2073 universus
706 2004 955 2095 apprecatione
977 1999 1053 2079 laeta
1079 2022 1155 2074 eam
1183 2020 1358 2094 compro-

307 2101 432 2182 bavit,
461 2099 521 2189 qui
542 2098 636 2192 apud
661 2119 727 2172 nos
749 2115 922 2173 vocantur
946 2098 1109 2175 diaconi,
1125 2113 1231 2195 atque
1251 2100 1358 2172 mini-

304 2198 388 2289 ¹stri,
409 2198 620 2277 distribuunt
635 2199 825 2293 unicuique
846 2197 1088 2294 presentium,
1110 2214 1150 2274 ut
1172 2199 1356 2296 participet

307 2323 418 2382 eum,
442 2301 478 2372 in
504 2320 579 2396 quo
605 2299 723 2392 gratiae
744 2299 828 2372 atiae
852 2298 955 2381 sunt,
977 2305 1296 2396 panem,vinu1n‚
1315 2298 1354 2371 de

301 2419 462 2496 raonem,
485 2399 521 2471 δι
540 2396 584 2471 ad
601 2395 756 2473 abientes
779 2395 972 2494 perferunt·
1010 2397 1122 2475 Porto
1143 2397 1356 2473 alimentum
1479 2466 1490 2491 χ

308 2497 384 2576 hoc
410 2521 428 2571 a
457 2496 504 2572 ud
526 2518 592 2571 nos
609 2496 803 2594 appellatur
825 2493 1051 2585 Eucharistia·
1067 2480 1180 2591 Q'uod
1200 2498 1285 2573 nulii
1299 2497 1357 2577 alil

309 2520 517 2696 particissate
540 2595 676 2671 licitum
698 2598 748 2672 est
763 2634 785 2678 ‚·
803 2620 910 2693 quam
927 2622 1043 2679 veram
1064 2595 1132 2673 effe
1157 2597 1355 2678 doctrinam

309 2696 465 2773 nostram
485 2697 642 2771 credenti
665 2749 675 2780 ,
699 2697 734 2770 de
758 2693 917 2773 Lavacto
946 2714 1094 2791 propter
1119 2695 1355 2775 temiiiionem

308 2813 539 2895 peccatorum
562 2797 759 2893 abiut0,&
785 2799 905 2883 ita‚ut
920 2794 1078 2882 Christus
1104 2795 1280 2871 tradidit,
1306 2798 1356 2870 vi,
1471 2860 1473 2865 .

309 2897 419 2969 venti·
445 2893 531 2971 Non
561 2898 653 2970 enim
683 2913 723 2972 ut
748 2917 981 2971 communem
1002 2918 1128 2991 panem
1149 2947 1159 2977 ,
1179 2907 1355 2991 nequent

308 3017 542 3077 communem
568 3014 696 3090 potum
716 2995 776 3071 itia
814 2995 1004 3087 sumimus3
1034 2995 1091 3071 sed
1121 2995 1357 3092 quemadmo-

301 3095 398 3171 -dum
425 3117 485 3191 per
504 3092 661 3169 Verbum
678 3092 748 3169 Dei
766 3092 862 3171 Caro
875 3095 984 3178 iatius
995 3092 1091 3191 jesus
1103 3092 1261 3173 Christus
1276 3093 1357 3193 Set-

308 3210 412 3272 uator
433 3194 573 3282 noster,
590 3196 626 3279 &
645 3193 823 3277 Catitem.
849 3196 885 3269 ἃ
912 3196 1130 3292 Sanguinem
1154 3193 1266 3269 salutis
1289 3215 1357 3268 no·
1505 3292 1507 3297 Ι

311 3295 389 3370 strae
409 3294 507 3375 cauta
530 3293 675 3374 habuitt
695 3295 738 3369 ad
762 3295 929 3372 eumdem
949 3294 1102 3382 modum
1126 3297 1231 3372 etiam
1253 3315 1354 3375 eam,

302 3396 349 3471 xin
371 3417 439 3492 qua
466 3418 528 3488 per
549 3418 670 3489 preces
707 3396 803 3470 verbi
819 3395 894 3491 ejus
912 3397 956 3470 ab
977 3393 1051 3492 ipio
1073 3392 1220 3492 profecti
1235 3395 1357 3489 gratiae

302 3493 393 3571 sunt
417 3494 518 3579 aciae,
548 3495 775 3581 alimoniam,
801 3495 896 3570 unde
927 3495 1067 3592 [anguis
1090 3549 1099 3579 ‚
1121 3494 1157 3567 ἃ
1183 3516 1268 3568 cato
1290 3514 1357 3568 nm

299 3594 377 3675 :stra
411 3596 729 3688 permutationem
755 3593 924 3681 aluntur,
949 3596 1119 3671 incarnati
1160 3593 1249 3669 iliius
1274 3588 1357 3696 Jesu

310 3692 485 3774 Carnem.
503 3692 767 3794 &Sanguinem
785 3691 852 3779 effe
871 3694 1122 3775 edottisunrus.
1150 3691 1244 3770 Nam
1259 3697 1358 3789 Apo·

302 3791 390 3872 iton
408 3797 442 3865 in
457 3789 731 3871 Commentariis
756 3816 776 3868 a
799 3793 832 3867 i'e
860 3792 992 3891 scriptis
1017 3844 1028 3875 ,
1064 3816 1144 3890 quae
1168 3790 1357 3886 Evangeiia

302 3907 506 3976 uocantur,
524 3894 569 3967 ita
592 3891 810 3975 tradiderunt
830 3889 1029 3988 praecepiiie
1042 3888 1247 3987 fibi‘Jei'um.
1265 3890 1358 3975 Eum

311 3992 407 4066 enim
421 4013 510 4087 pane
532 4006 702 4088 accepto,
718 4014 801 4071 cum
820 3995 948 4089 gratias
962 3989 1103 4087 egiffet,
1121 3989 1266 4078 dixiiie';
1283 3995 1357 4060 Hoc
1435 4006 1437 4011 ·
1572 4035 1579 4045 -

307 4083 413 4181 facite
436 4094 470 4158 io
503 4095 566 4159 mei
589 4094 811 4191 recordatione
833 4115 842 4167 t
868 4097 941 4162 Hoc
967 4093 1010 4166 eli
1028 4097 1151 4184 Corpus
1171 4116 1210 4158 m:
1221 4114 1285 4158 um.
1314 4087 1358 4177 Et

310 4190 448 4288 pocuio
473 4187 628 4266 similiter
649 4207 799 4287 accepto
814 4191 872 4279 ,ἃ
891 4195 1010 4286 gratiis
1031 4190 1112 4274 abiis
1125 4190 1266 4276 dixiiie:
1286 4193 1356 4258 Hic

310 4286 355 4366 tsi
371 4293 505 4382 Sanguis
517 4313 604 4360 meus
629 4311 640 4383 ς
669 4314 710 4367 ac
731 4290 809 4368 solis
831 4288 1154 4387 miseratione„
1195 4289 1273 4364 Nus
1296 4311 1359 4371 aua

301 4403 386 4467 :tem
403 4388 569 4485 posthaec
587 4388 751 4486 deinceps
778 4394 881 4467 nobis
903 4393 1056 4466 invicem
1078 4390 1138 4465 ista
1159 4392 1194 4465 in
1219 4408 1360 4469 memo.-

311 4491 399 4576 tiam
435 4512 707 4572 revocamus...
736 4487 781 4579 Et
808 4489 882 4569 Soli
901 4536 912 4565 2
928 4494 991 4588 qui
1007 4490 1136 4565 dicitur
1163 4489 1251 4573 die,
1277 4508 1358 4568 orna

310 4592 412 4667 nium
433 4595 515 4688 ,qui
531 4590 585 4670 vei
605 4593 640 4670 in
666 4593 832 4687 oppidis,
849 4589 903 4665 rel
925 4593 996 4665 ruri
1018 4589 1180 4685 degunt,
1200 4589 1235 4661 in
1259 4608 1358 4665 eunt*

310 4687 394 4763 dem
407 4688 529 4766 iocum
547 4707 747 4767 conventus
768 4689 827 4782 fit3
853 4690 889 4766 dc
919 4686 1184 4769 Commentario
1205 4686 1359 4783 npoiiot

310 4785 430 4862 lorum
442 4842 453 4873 ‚
465 4804 525 4864 aut
536 4787 672 4886 Scripta
688 4786 943 4885 Prophetarum
957 4787 1101 4888 ,quoad
1117 4805 1256 4883 tempus
1270 4785 1361 4873 ferte

308 4885 491 4996 leguntur·
504 4885 648 4977 Deinde
664 4883 814 4979 Ledore
826 4889 1026 4986 quiescente
1039 4884 1252 4978 ,Ptaeitdens
1276 4908 1361 4985 orat

588 5020 640 5044 v·
721 4984 852 5093 Die
1059 5104 1062 5111 Ι
1156 4989 1390 5077 ιίρυεωι·
1533 5008 1539 5037 ’

1501 5078 1626 5129 eutem!

1630 4956 1653 5009 ν)
1686 4970 1690 4977 .
