3892 6434
580 1268 664 1353 266
696 1322 705 1330 .
778 1252 937 1347 Theoi·
951 1254 1065 1366 Dog.
1081 1254 1127 1342 io
1147 1249 1298 1353 norat
1318 1252 1409 1345 Lib.
1435 1253 1497 1354 il.

762 1420 1290 1508 uu'ouoslulo
1338 1423 1442 1505 111.

580 1587 714 1684 i’ueeis,
728 1581 864 1681 aliisque
876 1582 1016 1654 aetionis
1031 1579 1089 1669 usu
1111 1548 1241 1676 penitet
1267 1578 1432 1667 destitutis
1443 1539 1629 1661 tietuini

651 1735 654 1744 .
755 1679 994 1765 Eucherilliem
1023 1678 1250 1762 adminstrare
1273 1707 1334 1755 noa
1358 1683 1450 1770 lieet.

501 2024 507 2038 ⁸
534 2023 557 2043 .,
695 1941 847 2039 profano
871 1956 963 2041 pane
988 1939 1182 2025 discernere
1204 1940 1342 2035 valent,
1361 1964 1477 2045 neque
1491 1946 1535 2021 ad
1548 1960 1627 2024 ealu

383 2024 560 2168 Eiffiffnstss
582 2045 656 2120 acci
686 2043 825 2119 iendam
848 2045 1016 2140 pietatem
1050 2045 1157 2119 animi
1185 2041 1327 2128 ‚tereti
1358 2045 1475 2141 ‘onem
1502 2042 1628 2130 afferre
1661 2109 1666 2121 .

385 2118 450 2169 ω
481 2112 549 2182 Μ’
584 2165 636 2238 po
665 2156 741 2223 unt.
768 2147 887 2319 afflue
919 2140 956 2217 id
981 2144 1086 2218 etiam
1118 2140 1291 2227 aChrilli
1351 2144 1463 2218 omini
1490 2144 1629 2240 institu-

583 2246 685 2320 tione
702 2241 801 2319 alieni
843 2263 942 2319 mum
962 2241 1101 2319 videtur
1118 2259 1129 2329 ς
1146 2246 1194 2320 ait
1220 2244 1314 2317 enim
1340 2261 1352 2311 t
1379 2244 1558 2343 Accipite,
1582 2244 1629 2319 o·

583 2347 753 2414 comedite.
787 2339 940 2418 infames
959 2348 1077 2418 alutem
1096 2340 1246 2418 idoneos
1265 2342 1340 2418 non
1364 2338 1433 2419 else
1458 2392 1469 2421 2
1486 2345 1548 2442 qui
1566 2354 1639 2420 εει·

584 2444 744 2542 cipiunt,
776 2442 811 2516 ie
830 2439 1051 2523 comedant,
1082 2440 1159 2517 satis
1190 2440 1327 2519 constet
1348 2438 1366 2535 l
1387 2446 1504 2541 inquit
1521 2440 1625 2527 Trid.

452 2610 455 2615 .
585 2541 703 2620 Cone.
717 2537 996 2626 Catechismus.)
1010 2537 1104 2623 Cum
1124 2564 1210 2618 veto
1229 2542 1329 2637 pueri
1350 2535 1455 2634 hujus
1475 2541 1626 2620 admita-

585 2640 665 2717 bilis
687 2639 901 2717 Sacramenti
930 2642 1179 2738 cognitionem
1197 2695 1207 2727 ,
1232 2640 1270 2716 δι
1302 2640 1444 2737 gustum
1465 2639 1626 2733 habent,

583 2738 685 2839 quod
705 2762 751 2815 ex
769 2752 955 2834 potentum
967 2793 979 2825 ,
991 2740 1028 2816 &
1047 2738 1218 2826 Patochi,
1235 2738 1291 2814 vel
1314 2740 1512 2820 Sacerdotis
1531 2791 1543 2825 ‚
1567 2745 1629 2821 cui

581 2842 759 2916 commin
784 2836 944 2914 nonnae
963 2837 1146 2918 christiano
1163 2839 1335 2915 institutio
1354 2839 1536 2918 commissa
1554 2840 1627 2922 est,

583 2938 623 3015 u
642 2941 698 3015 cui
717 2953 860 3035 peccata
880 2935 1119 3021 confitentur,
1129 2938 1265 3036 judicio
1286 2932 1438 3035 pendet3
1452 2941 1495 3016 ad
1512 2938 1627 3039 Com·

517 3093 521 3109 .
582 3042 796 3115 munionem
810 3034 954 3136 poliunt
964 3038 1124 3122 admitti,
1146 3040 1236 3118 circa
1262 3039 1441 3124 decimum
1457 3042 1536 3127 ,vel
1557 3064 1643 3122 un·¹

583 3137 763 3217 decimum
778 3160 925 3215 annum.
955 3142 991 3209 Si
1006 3140 1042 3209 in
1054 3143 1102 3214 eis
1109 3134 1198 3232 figite
1209 3136 1412 3226 discretionis
1422 3157 1624 3230 cauponum,¹

582 3239 627 3311 el*
642 3241 896 3315 tevoetouimut
921 3236 1067 3315 doceto
1084 3235 1224 3309 Tnomas
1243 3241 1281 3314 in
1303 3258 1338 3328 4.
1364 3237 1627 3318 Sententiarum

582 3337 660 3416 dist.
670 3362 705 3426 9.
720 3362 754 3438 q·
780 3354 812 3412 ι.
835 3351 899 3414 att.
926 3354 961 3420 ι.
987 3338 1107 3434 quaest.
1124 3358 1159 3426 4.
1180 3334 1221 3421 ld
1242 3354 1282 3416 ut
1296 3341 1361 3414 rite
1375 3338 1456 3420 fiatt
1473 3396 1529 3432 „„
1560 3338 1628 3419 Pa·

583 3439 717 3516 tochuo
745 3441 781 3515 in
813 3437 1091 3536 Quadregefima
1126 3462 1189 3542 pet
1223 3436 1373 3535 singulas
1401 3439 1624 3518 Parochialee

582 3536 728 3615 familias
754 3536 928 3614 delectum
950 3537 1077 3613 habeat
1100 3558 1293 3634 puerorum
1320 3539 1385 3612 ,ἃ
1422 3527 1625 3616 adolescen-

584 3651 663 3713 tum
684 3639 772 3735 ‚qoi
803 3640 957 3732 primum
976 3640 1023 3712 'in
1056 3635 1205 3718 Paschali
1231 3635 1440 3714 Celebritate
1456 3642 1625 3736 proxime

486 3740 490 3751 '
579 3732 932 3817 S.Communionem
957 3735 1128 3830 sumpturi
1161 3735 1252 3813 sunt·
1297 3738 1349 3815 Ac
1378 3752 1542 3834 preterea
1568 3738 1624 3815 hie

581 3835 663 3934 ipseo
682 3837 848 3913 omnibus
876 3837 911 3909 in
935 3832 1087 3933 singulae
1114 3833 1399 3931 Quadragesmaae
1426 3836 1623 3914 hebdoma-

472 3940 478 3961 “
579 3936 643 4024 das
663 3951 779 4012 certos
801 3933 992 4033 ptaellituat
1006 3934 1158 4021 scrutinii
1182 3937 1416 4037 dies‚quibus
1435 3937 1514 4013 illos
1542 3960 1620 4014 non

460 4125 469 4145 ·
579 4035 693 4112 solum
717 4051 878 4113 accurate
894 4039 1093 4121 examinet,
1117 4034 1174 4112 sed
1189 4037 1334 4112 instruat
1354 4035 1461 4150 quam
1475 4037 1624 4134 dillgen·

439 4204 453 4221 ,
503 4201 510 4217 .
582 4133 707 4213 tilltme
732 4188 799 4227 „‚,.
828 4133 879 4212 lta
898 4139 930 4210 S.
947 4137 1081 4204 Careiae
1095 4136 1132 4210 in
1154 4133 1452 4212 instrutiiombus·
1481 4133 1537 4213 De
1551 4141 1624 4230 pri·

532 4244 541 4266 ’
581 4258 638 4312 ma
660 4239 744 4311 item
772 4257 964 4332 puerorum
987 4232 1255 4316 Communione
1281 4240 1315 4316 in
1338 4235 1488 4337 Synodo
1516 4234 1645 4315 Dioe·.

580 4335 699 4414 cesam
723 4355 757 4418 9·
784 4337 829 4410 ita
859 4332 1005 4412 statuit:
1030 4391 1086 4427 „„
1111 4332 1261 4411 Porochi
1285 4334 1425 4430 fingulis
1446 4335 1624 4413 mensibus

580 4436 683 4515 semel
705 4449 798 4511 certa
816 4434 1005 4511 constituta
1025 4433 1100 4520 die,
1115 4456 1264 4532 pueros,
1279 4440 1337 4533 qui
1359 4457 1473 4509 annos
1490 4458 1625 4511 nouem

578 4541 755 4634 attingant
775 4577 785 4608 2
808 4533 851 4609 ad
876 4531 1064 4610 Ecclefiam
1092 4551 1245 4610 evocent
1267 4585 1276 4610 ‚
1302 4533 1546 4632 sigillatimque
1578 4535 1624 4610 ad

578 4637 706 4714 tesiam
728 4634 923 4711 confitendi
936 4636 1112 4710 rationem
1138 4633 1308 4708 instruant
1334 4631 1478 4729 Regulis
1503 4637 1538 4708 in
1562 4635 1624 4711 S:-

579 4733 782 4813 ceamentali
813 4732 1065 4809 libro'trnditia
1087 4732 1202 4821 tillon
1223 4747 1368 4827 autem,
1402 4736 1462 4825 qui
1494 4733 1624 4809 decen·

580 4839 678 4932 nium
716 4834 920 4927 attigerint,
951 4831 1184 4908 hebdomadae
1217 4830 1488 4928 Septuagesimae
1517 4836 1622 4910 initio

562 4931 777 5016 xaccersant,
795 4931 1015 5029 &sigillatim
1039 4931 1237 5016 instruant,
1265 4949 1371 5029 atque
1397 4933 1557 5007 erudiant
1576 4931 1622 5009 ad

580 5036 828 5127 cognitionem
852 5031 1129 5130 cultumqueSi.
1143 5028 1355 5106 Sacramenta·
1377 5028 1622 5117 Eucharistiae.

461 5159 463 5163 ’
578 5132 804 5227 doceantque
838 5154 949 5230 quam
966 5130 1143 5215 humiliter
1165 5183 1176 5215 ,
1199 5131 1234 5215 ἃ
1257 5131 1435 5228 religiose,
1458 5155 1622 5210 reveren·

348 5232 352 5239 ’
468 5272 471 5278 ·
576 5247 704 5330 terque
722 5226 766 5308 ad
789 5253 867 5307 eum
896 5229 1101 5312 sumendam
1127 5228 1296 5309 accedant
1316 5286 1388 5325 „‚,.
1472 5327 1504 5411 C

521 5378 529 5387 ⁴
1394 5370 1454 5419 tt»
1504 5354 1566 5411 um
