3892 6434
465 925 536 1019 De
566 925 843 1019 sacramento
871 925 1148 1032 Eucharisliae.
1266 936 1349 1042 ἔτι·
1385 1050 1388 1056 ,

303 1103 365 1178 ria
390 1097 474 1176 fidei
505 1097 550 1174 de
581 1096 829 1176 haereticorum
862 1102 1037 1179 erroribus
1072 1150 1085 1190 ,
1127 1118 1234 1206 quam
1278 1109 1351 1202 pri-

305 1205 377 1278 vati
427 1201 548 1284 boni.
603 1203 707 1275 etiam
736 1199 914 1296 spiritualis
956 1198 1128 1280 Fidelium
1153 1228 1164 1297 3
1194 1209 1350 1283 maxime

305 1323 390 1376 cum
419 1299 512 1376 nulla
545 1302 656 1396 gratia
686 1302 868 1395 priventur
899 1298 944 1375 ad
975 1300 1117 1377 salutem
1147 1302 1348 1390 necessaria.

304 1399 414 1476 Unde
438 1421 512 1476 non
534 1397 648 1473 solum
663 1397 806 1475 alteram
837 1397 987 1491 speciem
1008 1403 1197 1479 insentibus
1219 1402 1348 1492 subtrs.

304 1504 359 1576 xit
382 1497 528 1576 Ecclesia
550 1495 791 1575 Occidentalis
810 1553 820 1581 .
840 1497 897 1574 sed
918 1497 1167 1577 Eucharistiam
1187 1502 1266 1600 ipsis
1285 1505 1356 1584 ado,

304 1600 500 1675 ministrare
536 1596 635 1691 debit
657 1651 667 1682 ,
689 1598 789 1692 quod
822 1598 909 1673 olim
941 1598 1090 1676 faciebat
1120 1607 1357 1695 continenter¹

305 1698 387 1796 post
398 1697 631 1796 baptismum,
649 1698 685 1772 ἃ
705 1697 1030 1774 Confirmationem
1044 1756 1053 1785 ‚
1066 1699 1348 1783 statimanatiri-

305 1815 377 1876 tate
402 1823 413 1892 3
444 1799 605 1897 quamvis
638 1812 773 1877 certum
816 1797 857 1874 sit
878 1853 888 1885 ,
912 1821 1044 1875 novam
1074 1803 1224 1897 gratiam
1242 1824 1348 1877 rece·

304 1916 456 1999 pturos‚
483 1896 506 1972 sr
532 1892 961 1975 Eucharistiae-secundum
993 1923 1132 1975 morem
1155 1903 1347 1997 antiquum

304 2002 534 2076 donarentur·
581 1996 692 2070 Porro
713 2000 919 2094 quicunque
944 1996 1073 2076 sacram
1106 1997 1348 2079 Communio·

303 2120 386 2173 nem
409 2098 468 2173 sub
493 2120 561 2173 una
585 2096 697 2190 specie
717 2097 825 2195 digne
847 2101 1023 2192 recipiunt
1049 2098 1184 2194 ‚Qud
1212 2105 1251 2169 ad
1268 2097 1349 2189 fra.

305 2195 390 2270 sium
409 2203 551 2275 atrine,
571 2197 655 2264 nulia
670 2204 786 2289 gratia
806 2195 977 2286 necessaria
1005 2202 1046 2267 ed
1056 2198 1193 2283 fiderem
1213 2197 1348 2292 defrau-

303 2295 449 2384 dantur,
476 2309 514 2373 ut
531 2296 639 2373 docet
661 2292 799 2373 Concil.
827 2290 1078 2375 Tridentinum
1095 2293 1167 2382 sels.
1193 2319 1251 2374 ar·
1268 2323 1346 2396 cap.

305 2405 564 2494 3.propterea‚
580 2391 679 2491 quod
703 2395 766 2473 sub
792 2396 848 2472 illa
873 2415 970 2475 totus
999 2396 1156 2475 Christus
1183 2405 1348 2477 contine·

302 2513 363 2574 tut
386 2548 396 2582 ,
421 2518 616 2593 verumque
640 2496 905 2574 Sacramentum
940 2497 1098 2574 sumitur·
1134 2499 1202 2574 Sed
1226 2516 1347 2578 tamen

303 2599 518 2695 probabilius
540 2595 677 2672 videtur
697 2646 708 2681 ,
732 2598 1080 2677 communicantibus
1111 2596 1173 2675 sub
1195 2616 1346 2697 utraque
1394 2627 1397 2633 ·

302 2697 416 2792 specie
436 2699 583 2793 gratiam
609 2695 818 2792 ampliorem
840 2718 902 2793 pet
927 2696 958 2774 se
983 2721 1060 2773 non
1082 2697 1263 2791 conferri;
1289 2724 1349 2774 ea.

304 2796 386 2871 dem
412 2800 505 2872 enirn
528 2797 639 2888 gratia
660 2797 830 2882 unius,&
850 2798 1033 2872 ambarum
1051 2795 1243 2892 specierum
1253 2798 1348 2874 lum·

304 2900 421 2994 ptioni
443 2890 606 2993 promissa
632 2895 692 2976 est.
720 2893 819 2972 Sicut
840 2899 934 2974 enim
953 2895 1039 2972 dicit
1062 2895 1219 2974 Christus
1239 2893 1347 2996 Joan·
1406 2973 1409 2980 ,

303 3007 340 3075 6.
363 2995 443 3092 Qi
460 3003 758 3065 manducat'mrrm
776 3000 912 3065 carnem
932 3049 944 3082 ‚
971 2998 1012 3065 d
1032 2991 1117 3064 bibit
1141 3019 1245 3065 meum
1265 3001 1348 3065 San·
1370 3013 1373 3019 ·

298 3104 454 3188 guinem,
474 3090 569 3165 habet
588 3092 696 3164 artam
715 3114 866 3165 eternam
882 3098 952 3174 rita
971 3089 1018 3171 ait
1031 3113 1042 3173 t
1055 3097 1090 3165 St
1110 3097 1184 3189 quis
1209 3103 1346 3166 mandre·

303 3199 433 3267 caverit
457 3216 498 3265 rx
521 3194 578 3265 huc
596 3214 703 3288 pane,
730 3196 827 3264 vibet
847 3199 1060 3265 maternum·
1081 3192 1144 3281 Et,
1171 3199 1228 3291 qui
1255 3219 1349 3268 marr·

304 3298 400 3367 ducar
421 3295 505 3365 bunc
521 3312 661 3387 panem,
684 3297 781 3365 vivet
804 3296 839 3364 in
867 3313 1040 3388 eternum
1128 3382 1132 3390 .

353 3391 485 3473 Eadem
503 3399 621 3492 itaque
644 3395 754 3489 gratia
779 3383 995 3478 confertur,
1023 3392 1081 3471 seu
1115 3388 1265 3492 speciem
1288 3407 1358 3472 ut·

304 3515 451 3595 rumque
494 3497 549 3571 seu
580 3497 722 3572 unicam
757 3493 983 3572 sumentibus.
1020 3492 1060 3572 ld
1094 3494 1282 3570 confirmat
1312 3501 1346 3566 S.

303 3595 420 3677 Tium.
450 3591 583 3691 Opusc·
621 3607 677 3680 58.
712 3615 789 3688 cap.
826 3585 880 3666 18.
908 3645 963 3689 ‚‚,‚
1001 3595 1349 3693 Quamtumcunqus

303 3692 470 3786 (inqua)
485 3718 589 3790 parva
612 3692 652 3769 fit
677 3692 804 3790 species
824 3699 921 3793 panis
945 3750 956 3780 ,
979 3696 1026 3770 ibi
1045 3695 1093 3770 est
1113 3710 1231 3772 toturn
1254 3693 1348 3772 Cor-

304 3818 371 3892 pus
397 3793 523 3871 Christi
542 3817 605 3891 per
629 3792 921 3872 conversionem,
947 3793 1095 3891 Sanguis
1120 3812 1181 3891 per
1210 3812 1350 3871 conne-

303 3897 482 3980 xionem,
507 3895 622 3970 anima
649 3913 709 3988 per
730 3895 1022 3990 conjunclionem
1045 3939 1054 3965 ‚
1075 3893 1111 3967 dr
1145 3885 1344 3982 Divinitas,

303 3997 441 4091 integra
464 4017 524 4088 per
550 3996 721 4069 unionem
746 4040 757 4078 ,
783 3995 876 4068 unde
898 4007 1034 4069 certum
1066 3992 1137 4074 est,
1159 3992 1259 4090 quod
1284 3993 1348 4068 ha·

305 4094 365 4169 bet
385 4094 525 4190 plenam
544 4096 718 4169 rationem
740 4092 877 4168 cibandi
916 4091 1160 4187 spiritualiter,
1187 4095 1222 4166 dr
1257 4117 1348 4168 con.

303 4192 458 4268 {ortandi
480 4198 632 4270 animam
686 4193 733 4262 Er
753 4214 822 4281 cap.
844 4207 901 4283 29·
930 4192 1029 4267 Sicut
1049 4191 1153 4266 sumit
1176 4192 1349 4266 Sacerdos

305 4291 523 4386 Sanguinem
541 4290 668 4369 Christi
695 4290 983 4368 sacramentaliter
997 4295 1040 4366 de
1055 4289 1197 4364 Calices
1216 4287 1262 4364 src
1280 4312 1350 4385 poa

303 4393 407 4490 pulus
431 4392 535 4469 sumit
555 4415 637 4468 eum
658 4386 932 4468 intelleilualiter
961 4390 1022 4465 sub
1052 4390 1281 4485 speciepanis
1302 4388 1349 4464 do

303 4491 381 4589 ipso
404 4490 567 4587 Corpore
587 4489 712 4567 Christi
729 4515 741 4585 ;
759 4493 793 4566 δι
808 4489 856 4567 est
878 4494 925 4566 eis
951 4501 1024 4565 ta'm
1043 4484 1199 4572 utilis‚&
1214 4486 1349 4574 dulcis,

302 4610 345 4767 hrt
371 4592 655 4769 {afferdotibum
686 4595 748 4689 qui
770 4590 913 4671 sumunt
935 4611 1019 4668 eum
1050 4587 1111 4666 sub
1142 4579 1353 4685 specieuinl

330 4716 349 4770 e
404 4716 490 4770 alce
511 4735 579 4789 „ne

747 4876 832 4973 Ze
1207 4874 1303 4968 dli·
