3892 6434
797 916 1070 1003 INDEX

363 1123 557 1201 prolationem
571 1118 727 1182 verborum
741 1118 934 1181 absolverent.
1486 1118 1557 1187 ibid,

331 1202 440 1279 Regula
461 1202 495 1261 sl.
519 1201 657 1267 Sacerdos
676 1194 844 1257 consecrans
859 1194 1079 1266 Eucharistiam,
1100 1190 1381 1255 hucSacramentum
1393 1192 1483 1273 integ·

367 1297 398 1340 re
417 1278 526 1338 s'umere
538 1290 674 1345 tenetur,
694 1277 931 1349 quotiescumque
950 1269 1104 1332 consecrat.
1373 1342 1377 1349 -
1503 1289 1558 1349 ης

331 1344 441 1433 Regula
456 1352 498 1415 Ill
530 1354 560 1413 Si
575 1347 741 1410 miraculose
751 1352 862 1425 Cornus
873 1347 974 1408 corrui
988 1349 1017 1407 in
1039 1346 1126 1407 sirati
1149 1344 1369 1420 appaterets'ub
1387 1345 1480 1423 specie

369 1433 482 1499 carnis,
499 1443 548 1489 arrt
562 1423 742 1505 Sanguiss'ub
757 1423 850 1500 speeie
866 1425 1035 1500 Sanguinis,
1052 1441 1111 1482 non
1121 1419 1190 1480 elice
1204 1423 1384 1483 sumendum.
1437 1446 1439 1450 ·
1501 1429 1559 1489 226

331 1502 443 1585 Regula
463 1504 512 1566 lv.
534 1503 681 1565 Sacerdoti
693 1521 751 1560 uon
763 1501 833 1563 licet
846 1523 861 1561 a
873 1500 1088 1561 consecratione
1105 1498 1300 1571 Eucharistiae,
1314 1498 1396 1561 stvea
1411 1500 1484 1565 cele·

371 1585 502 1645 bratione
521 1578 688 1643 sacrosancti
709 1578 798 1639 sllislie
811 1577 948 1640 sacrificii
960 1578 1082 1639 omuino
1102 1572 1225 1648 cessure,
1249 1575 1356 1638 etiamst
1370 1595 1470 1641 curam

372 1658 550 1720 nonhabeat
572 1659 742 1716 animarum.
822 1708 826 1713 .
1510 1650 1567 1725 222

333 1737 447 1812 Regula
469 1735 501 1792 V.
519 1732 703 1798 Sacerdotes,
716 1731 765 1807 qui
787 1728 874 1791 Festis
889 1725 1126 1804 solemnioribus,
1152 1727 1295 1792 &diebus
1313 1725 1473 1791 Dominicis

336 1884 339 1888 ,
376 1828 436 1873 non
447 1810 594 1871 celebrant
604 1848 613 1881 ,
624 1807 834 1884 impedimento
844 1806 974 1883 legitimo
986 1806 1127 1882 crsiante,
1141 1804 1268 1867 mortalis
1279 1807 1389 1881 peccati
1402 1809 1443 1866 rei
1453 1806 1496 1867 ri·

376 1891 488 1949 dentur.
1510 1896 1572 1945 Η

333 1963 447 2042 Regula
461 1963 506 2023 Vl.
522 1956 721 2022 Eucharistiam
732 1971 813 2019 extra
825 1955 954 2033 Missam,
968 1974 1020 2022 aut
1032 1959 1134 2033 initio,
1148 1957 1194 2020 vel
1203 1959 1266 2036 post
1276 1956 1364 2018 finem
1377 1957 1487 2033 otissa,
1533 1900 1545 1961 ³

374 2048 445 2103 citra
458 2036 651 2099 neceslitatem
668 2034 855 2096 administrari
874 2039 968 2097 minus
983 2041 1082 2098 decet.
1511 2044 1571 2112 aaa

335 2116 448 2194 Regula
464 2116 524 2176 Vll.
542 2115 667 2201 improbi
679 2114 849 2173 Sacerdotes
865 2113 1068 2174 Eucharisliam
1079 2112 1263 2182 consecrare,
1279 2110 1491 2173 &administra-

377 2213 408 2252 re
420 2193 558 2267 possunt,
579 2191 627 2250 sed
641 2191 779 2266 potestate
794 2185 842 2246 sur
863 2192 961 2258 male,
982 2193 1009 2251 dt
1028 2190 1150 2274 indigne
1169 2204 1297 2250 utuntur.
1464 2242 1468 2247 .
1509 2202 1569 2262 234

335 2267 451 2343 Regula
470 2267 533 2329 lits
561 2267 730 2327 Sacerdotes
746 2265 897 2336 Haeretici,
912 2265 1112 2336 schismatici,
1131 2263 1401 2337 Ercoromunicati,
1426 2262 1484 2324 Dc-

378 2344 506 2421 gradati,
531 2345 620 2404 modo
634 2343 687 2403 rite
699 2341 753 2401 lint
766 2340 909 2413 ordinati,
937 2341 1137 2402 Eucharistiam
1150 2341 1317 2402 consecrare
1327 2339 1452 2416 possunt.
1512 2346 1570 2417 236

339 2418 455 2497 Regula
470 2419 524 2481 ΙΧ.
541 2423 582 2480 tlb
600 2418 768 2489 Haereticis,
783 2417 992 2488 Schismaticis,
1009 2417 1291 2490 Ercommunicatis,
1314 2416 1480 2500 Susirensis,

381 2498 428 2556 vel
445 2496 647 2572 irregultribus
671 2494 874 2555 Sacerdotibus
897 2492 1099 2557 Eucharistiam
1119 2497 1268 2572 accipere,
1298 2509 1348 2556 aut
1378 2512 1479 2558 eorum

341 2581 346 2589 '
381 2571 495 2634 illisiam
508 2573 606 2632 audire
619 2590 679 2629 non
692 2571 767 2631 licet
1516 2588 1571 2651 237

337 2646 453 2724 Regula
469 2648 507 2708 X.
526 2650 712 2708 Sacerdotum
723 2644 1014 2717 concubinariorum,
1035 2645 1081 2706 vel
1097 2645 1302 2708 fornicatorum
1319 2642 1430 2706 iliissam
1441 2667 1490 2708 au-

382 2730 464 2797 dire,
482 2732 508 2785 dt
521 2725 556 2785 ab
566 2725 607 2783 eis
616 2724 861 2784 Communionem
873 2724 1003 2797 accipere
1014 2722 1099 2799 licet,
1116 2725 1253 2799 quamdiu
1266 2724 1302 2784 ab
1318 2722 1439 2784 Ecclesia
1453 2742 1498 2785 to-

383 2801 527 2863 lerantur:
541 2800 605 2859 rllus
615 2816 713 2860 tamen
725 2801 760 2859 ad
772 2802 890 2859 Sacrum
901 2798 1067 2860 faciendum
1078 2844 1087 2871 ,
1100 2817 1150 2859 aut
1165 2800 1420 2861 administrandam
1439 2799 1497 2861 Eu·

385 2880 542 2940 cbarirtiun
559 2875 726 2950 impellere,
749 2890 799 2936 aut
814 2876 937 2935 invitare
949 2896 1007 2937 non
1029 2875 1098 2936 licet
1520 2874 1576 2947 232

340 2954 458 3032 Regula
480 2954 532 3014 Xi.
558 2950 638 3011 otissa
661 2951 748 3020 boni,
771 2951 868 3028 piique
891 2953 1053 3013 Sacerdotis
1071 2949 1201 3012 absolute
1212 2950 1334 3028 spedista
1353 2964 1386 3011 ut
1406 2950 1500 3012 Sacri·

382 3033 481 3090 sitium
493 3075 500 3099 ,
515 3048 573 3088 non
586 3028 624 3088 est
636 3026 804 3089 fructuosior
813 3025 896 3088 allilia
909 3026 976 3087 mali
988 3029 1168 3100 Sacerdotis3
1183 3047 1276 3105 neque
1287 3029 1382 3106 quoad
1394 3029 1501 3088 oratio·

385 3126 437 3167 nes
453 3105 486 3164 ab
501 3123 536 3164 eo
547 3104 621 3164 susas
637 3106 724 3164 totius
741 3103 871 3164 Ecclesia
886 3105 1023 3164 numine:
1046 3103 1215 3167 srusluosior
1225 3122 1321 3166 tamen
1331 3107 1371 3166 eli
1381 3121 1418 3165 err
1429 3104 1493 3181 pic·
1576 3132 1578 3137 ·

387 3198 465 3255 tate,
488 3190 514 3240 dt
529 3181 686 3241 devotione
703 3179 867 3241 Sacerdotis
883 3178 1050 3253 offerentis,
1072 3183 1100 3241 dt
1120 3180 1237 3241 orantis.
1521 3188 1577 3251 246

346 3259 427 3323 Cris.
454 3260 485 3318 V.
502 3258 553 3316 ’sie
565 3255 615 3317 usu
637 3262 814 3317 Sacramentr
830 3256 1027 3329 Eucharisliae,
1048 3256 1105 3317 sive
1121 3256 1344 3319 Cornmunione.
1520 3271 1577 3327 241

347 3332 439 3398 ΛΚΤ.
464 3333 486 3394 l.
512 3336 648 3410 siquibus
662 3329 914 3394 buchariltiasunri
929 3332 1035 3407 possit,
1053 3333 1205 3395 &debeat
1507 3330 1582 3395 ibid.
1614 3394 1617 3405 ,

349 3407 509 3484 Propositio
532 3414 542 3469 s
575 3412 642 3470 Non
656 3409 708 3468 soli
721 3409 854 3468 homines
867 3407 950 3483 justi,
962 3406 1050 3471 sed&
1059 3427 1245 3487 peccatores,
1258 3407 1360 3470 Christi
1380 3406 1493 3488 corpus

391 3484 630 3546 sacramentaliter
652 3485 828 3545 manducant
1505 3478 1581 3559 ’Μ

351 3559 510 3633 Ριορυιὶιίυ
532 3564 558 3620 ss
583 3560 686 3621 Nullus
697 3562 747 3621 sibi
758 3558 889 3634 eonscius
900 3559 1011 3638 peccati
1025 3558 1152 3621 mortalis
1169 3557 1372 3624 Eucharistiam
1390 3559 1501 3624 sumere

391 3636 498 3773 ilabet,
517 3652 567 3697 aut
577 3639 687 3714 potest,
700 3635 805 3714 absque
818 3657 896 3698 novo
907 3651 1027 3715 peccato
1038 3636 1159 3709 lethaii,
1182 3634 1401 3714 gravissimoque
1412 3639 1504 3700 Sacri·
1527 3716 1545 3773 Ξ

404 3731 476 3772 cuo.

351 3740 512 3866 Ptoqibsrtio
527 3785 568 3848 ill
596 3786 711 3866 Pueris,
728 3785 845 3862 aliisque
857 3787 978 3850 rationis
994 3785 1045 3850 usu
1058 3788 1173 3866 penitus
1186 3787 1328 3850 destitutis
1342 3786 1509 3852 hominibus
1547 3718 1585 3790 4⁷

397 3864 599 3927 bucbarrsiiam
616 3862 809 3922 administrare
828 3882 887 3923 nou
906 3864 985 3927 licet.
1527 3866 1585 3926 2⁶6

352 3941 513 4019 Propositio
528 3939 564 3999 lv
592 3940 796 4015 Enerqumenis
817 3938 969 4016 baptizatis
989 3939 1176 4001 administrari
1197 3941 1290 4018 potest
1313 3939 1503 4015 Eucharistia,

393 4038 429 4079 eu
440 4018 578 4092 temporis
588 4014 740 4076 intervallo
751 4059 759 4087 ,
771 4034 829 4091 quo
839 4036 854 4074 a
865 4015 996 4076 damone
1009 4036 1067 4076 non
1087 4034 1227 4078 vexantur
1238 4064 1247 4090 ,
1259 4019 1277 4079 sr
1291 4019 1321 4076 id
1339 4018 1511 4094 spiscopus,

395 4093 443 4229 gei
458 4094 598 4181 Sacerdos
611 4110 711 4152 eurum
721 4092 882 4169 purgationi
893 4092 929 4154 ab
940 4082 1092 4171 *Episcopo
1105 4096 1270 4172 praepositus
1289 4112 1449 4172 congruum
1466 4114 1512 4170 Ju·
1548 4172 1566 4232 ⁶

415 4184 544 4230 scaverrt.
1529 4178 1587 4241 28

354 4244 539 4309 Consectaria
553 4242 666 4319 praxim
690 4239 844 4318 foedantia
1513 4242 1596 4310 ibid.¹

353 4320 470 4398 Regula
486 4320 507 4381 l.
529 4317 724 4380 l'cccat'oribus
736 4320 890 4379 rnanrs'esiis
902 4364 911 4391 ,
925 4317 983 4380 sive
997 4327 1047 4397 pet
1056 4317 1233 4380 evidentiam
1244 4319 1311 4383 fassi
1323 4366 1331 4393 ἱ
1342 4335 1375 4384 ut
1388 4320 1512 4400 publicis

396 4399 627 4465 concubinariis,
649 4394 786 4455 adulteris
798 4439 807 4465 ,
821 4396 970 4465 usurariis,
982 4395 1159 4472 raptoribus,
1180 4398 1375 4459 meretricibus
1386 4399 1513 4469 ,histrio-

396 4472 502 4542 nibus,
524 4471 696 4533 alortoribus
707 4516 715 4541 ,
728 4472 774 4530 vel
786 4471 882 4547 aliquo
894 4474 1008 4545 Jualrcio
1022 4470 1229 4545 bcclesiasbco,
1242 4490 1291 4534 aut
1306 4475 1428 4536 iaculari
1445 4494 1514 4535 con·

396 4549 480 4609 ratiis
492 4592 501 4619 ,
513 4562 598 4622 atque
608 4548 770 4619 damnatis,
792 4549 867 4608 sacra
886 4552 1062 4609 Communro
1077 4548 1136 4608 dari
1151 4568 1209 4609 non
1229 4548 1336 4624 debet,
1360 4566 1513 4628 quantum*

397 4625 443 4685 vis
455 4623 536 4684 iliam
551 4627 637 4684 enixe
659 4637 768 4698 petant,
1518 4625 1591 4699 ibid.

355 4698 474 4777 Regula
494 4700 528 4760 ss.
545 4700 742 4762 peccoribus
763 4699 903 4772 occultis,
929 4699 1045 4761 Sacram
1067 4699 1311 4763 Communionem
1329 4702 1514 4780 petentibus,
1600 4742 1604 4753 ·

399 4795 461 4834 non
481 4775 569 4837 debet
586 4775 729 4850 denegari.
1538 4792 1596 4855 270

355 4848 474 4928 Regula
487 4855 527 4911 sss
556 4857 584 4912 Si
598 4849 876 4928 peccatoroccultus
897 4896 906 4923 ,
927 4853 1009 4923 cujus
1038 4853 1148 4913 crimen
1164 4854 1310 4925 Sacerdoti
1330 4867 1432 4915 notum
1452 4852 1513 4923 est,
1552 4898 1557 4909 .

397 4927 603 4989 liucbarrsliam
614 4930 645 4987 in
659 4927 777 4988 occulto
788 4945 868 5005 petat
879 4962 888 5000 ,
901 4929 989 4989 debet
1001 4930 1027 4989 ei
1039 4931 1199 5010 denegare,
1214 4936 1241 4993 dr
1258 4950 1395 5005 monere,
1411 4950 1449 4992 ne
1458 4948 1544 5064 publ

1536 5021 1561 5062 [ο
