3892 6434
1241 1002 1250 1015 1

970 1060 977 1081 x
1209 1086 1212 1099 i

409 1212 413 1217 ’
550 1288 629 1373 108
672 1264 871 1364 fateor.
897 1266 1012 1381 θος.
1048 1240 1253 1361 amora.
1274 1267 1370 1364 tn.
1397 1272 1454 1364 11.

542 1440 603 1524 hi,
621 1442 682 1539 qui
703 1439 810 1518 Cruci
832 1438 1012 1518 Christum
1024 1431 1249 1520 'affixerunt‚
1272 1439 1373 1518 semel
1398 1457 1536 1522 tantum
1551 1444 1587 1526 id

540 1540 713 1637 fecerunt·
741 1541 826 1619 Non
853 1545 958 1636 igitur
988 1546 1069 1638 quia
1095 1538 1197 1615 santes
1220 1543 1473 1620 crucifixerunt
1494 1552 1588 1627 ,mi.

389 1632 445 1729 's
538 1656 606 1718 true
638 1642 772 1717 idcirco
795 1640 959 1717 delictum
988 1642 1037 1715 est
1059 1662 1071 1734 3
1097 1642 1133 1715 u
1164 1643 1224 1739 qui
1255 1638 1432 1720 Christum
1464 1640 1588 1740 prodi.

424 1770 427 1775 ·
536 1741 609 1822 dte,
634 1739 735 1816 semel
754 1756 893 1817 tantum
914 1741 1277 1849 prodidittnumquid
1296 1767 1385 1841 ergo
1400 1742 1471 1819 hoc
1486 1747 1587 1824 illum

537 1840 710 1937 supplicio
729 1843 866 1937 ‚eripuit
890 1896 912 1930 ‚,
925 1840 975 1932 „i
1172 1907 1175 1911 .

385 1935 390 1947 “
428 2022 431 2028 ,
463 2032 468 2041 .
587 1939 683 2017 Hinc
708 1939 873 2032 Phr'ttppus
891 1936 1136 2036 Lingoniensrs
1160 1930 1355 2038 Episcopus
1376 1942 1413 2017 in
1434 1942 1586 2041 synodo

538 2060 635 2118 anno
661 2058 762 2128 1352.
789 2088 840 2131 „„
867 2038 964 2135 Quia
987 2038 1149 2116 nonnulli
1177 2045 1356 2115 temeraitc
1384 2067 1494 2139 magis
1517 2068 1588 2141 po-

540 2142 687 2239 pulum,
714 2161 820 2237 quam
839 2137 959 2215 Deum
973 2140 1158 2220 timenter,
1179 2160 1253 2214 non
1276 2157 1586 2236 verentur,prout

540 2241 680 2333 experti
701 2236 839 2341 sumus,
854 2237 947 2314 nulla
968 2239 1013 2313 de
1034 2232 1224 2324 commissis
1247 2236 1475 2315 consessione
1498 2265 1587 2337 prae-

541 2337 659 2416 habita
670 2341 836 2414 accedere
853 2342 1079 2414 irreverenter
1103 2341 1147 2412 ad
1171 2340 1421 2416 sacrosanctum
1451 2340 1588 2418 Eucha⁴

542 2439 644 2516 riliiae
667 2438 958 2516 Sacramentum,
983 2437 1190 2525 statuimus,
1218 2441 1318 2536 quod
1346 2438 1460 2514 nullus
1487 2443 1589 2514 dein.

543 2562 629 2633 cepa
649 2539 692 2613 ad
716 2537 897 2634 praefatum
915 2535 1135 2614 EutharistIae
1144 2536 1409 2614 Sacramentum
1426 2556 1587 2617 teneatur

544 2639 587 2715 ali
619 2656 699 2713 uem
717 2633 920 2721 admittere,
940 2634 1001 2711 nist
1025 2641 1119 2724 prius
1137 2637 1236 2713 illum
1254 2643 1401 2713 audierit
1425 2646 1460 2713 in
1485 2639 1587 2715 Con.

542 2662 709 2843 sessione,
727 2753 787 2813 aut
815 2740 912 2829 ptius¹
932 2735 994 2811 iibi
1015 2734 1085 2835 lide
1103 2736 1209 2812 sada·
1232 2741 1332 2838 quod
1359 2761 1461 2813 more
1483 2737 1587 2814 Fide·

438 2894 451 2905 ,-
539 2837 628 2926 lium
650 2839 869 2932 poenitentiae
887 2839 1059 2933 receperit
1077 2837 1367 2917 Sacramentuma
1390 2836 1477 2914 niti.
1499 2862 1588 2937 qua·

537 2937 637 3014 litate
652 2935 807 3035 personae
825 2935 983 3031 pensata,
998 2932 1242 3012 aliudduxerit
1261 2936 1460 3014 iaciendum
1487 2992 1509 3028 ‚,
1521 2989 1557 3029 ‚‚.

501 3068 506 3077 ·
592 3034 688 3113 Hinc
712 3034 878 3135 Synodus
901 3033 1093 3112 Parisrensis
1122 3058 1217 3110 anno
1239 3052 1342 3130 1557.
1371 3089 1425 3128 „,‚
1454 3035 1616 3141 Nullusf

504 3139 507 3144 ’
538 3134 721 3218 Parachut
752 3136 795 3210 ad
823 3135 932 3229 hujus¹
951 3137 1166 3211 Sacramenti
1192 3135 1429 3234 sumptionem
1456 3160 1590 3236 quem-r

541 3240 664 3337 piam,
692 3238 871 3332 praecipue
896 3241 930 3310 in
956 3232 1140 3320 Paschate,
1158 3238 1348 3323 admittat,
1375 3237 1475 3330 cujus
1495 3260 1586 3314 cort·

488 3348 500 3359 “’
541 3338 720 3415 scientiam
742 3359 817 3410 non
842 3339 1006 3412 noverit,
1025 3353 1086 3411 aut
1108 3335 1196 3430 ipse,
1216 3353 1277 3412 aut
1293 3340 1336 3411 ab
1355 3357 1400 3410 eo
1418 3340 1449 3410 ei
1470 3356 1591 3433 nego-1

541 3441 596 3513 tio
618 3435 808 3533 praeseiius.
836 3436 883 3503 ue
903 3434 1038 3519 rursus:
1066 3435 1290 3510 Admonendi
1318 3438 1396 3512 sunt
1422 3450 1586 3512 accurate

543 3533 729 3627 Christiani
748 3589 757 3616 .
778 3558 822 3609 ne
848 3533 993 3630 indigne
1022 3533 1066 3608 ad
1094 3538 1330 3609 venerandum
1364 3536 1435 3610 hoc
1468 3534 1586 3612 sacro-

542 3636 718 3715 tanatum,
743 3636 779 3708 ἃ
803 3634 961 3709 divinum
985 3631 1154 3708 accedant
1176 3632 1440 3710 Sacramentum
1460 3678 1470 3719 ·,
1493 3658 1586 3712 neve

542 3741 580 3816 in
602 3749 771 3832 peccato,
783 3748 843 3808 aut
862 3730 1049 3830 proposito
1064 3733 1229 3829 deinceps
1249 3732 1417 3829 peccandi
1431 3734 1585 3810 audeant

541 3836 734 3927 accedere3
761 3832 815 3906 sed
839 3855 923 3908 cum
950 3833 1145 3927 religione,
1176 3836 1210 3905 u
1242 3839 1393 3917 timore,
1416 3857 1460 3907 ne
1488 3834 1584 3909 i'orte

543 3939 720 4015 imitantes
734 3932 874 4027 vestigia
887 3926 989 4028 Judae
1003 3984 1012 4015 ,
1028 3933 1149 4007 locum
1164 3933 1308 4007 diabolo
1321 3942 1459 4030 potius,
1474 3956 1598 4030 quam.

542 4034 633 4113 Deo
651 4048 870 4132 praepareut‚
892 4054 1058 4122 poenam,
1074 4054 1180 4128 quam
1202 4056 1405 4112 merentur,
1424 4032 1584 4110 bretisu-

541 4134 596 4215 sce
624 4136 692 4211 turi
718 4185 786 4223 „„.

511 4233 512 4236 '
596 4158 647 4311 lta
665 4228 1262 4327 Concssutdigalenseanno1583.
1289 4283 1344 4321 „„
1370 4227 1461 4306 Illud
1488 4228 1590 4306 chri·¹

398 4370 404 4379 ·
543 4333 658 4412 stianae
683 4332 775 4424 plebi
799 4329 926 4407 assidue
952 4329 1203 4407 inculcandum
1231 4329 1583 4412 est2divinrls1mutn

543 4432 620 4510 hoc
645 4430 934 4521 Sacramentum,
959 4447 1000 4506 ut
1023 4436 1226 4527 expurgatis
1246 4436 1291 4506 ab
1326 4435 1425 4504 omni
1449 4431 1582 4528 culpa,

544 4533 584 4609 tr
610 4535 704 4629 puris
727 4533 850 4604 animis
872 4528 1053 4626 copiosam
1072 4536 1246 4625 gratiam,
1265 4528 1480 4627 salutemque
1492 4553 1584 4605 con-

542 4631 636 4717 sert,
654 4628 703 4706 irc
726 4647 954 4725 peccatorum
976 4629 1092 4705 adhuc
1116 4629 1234 4705 illuiie
1254 4630 1522 4729 squalentibus,
1541 4632 1583 4705 dc

542 4731 754 4829 inquinatis,
773 4727 836 4803 suo
861 4728 1018 4821 ipsorum
1048 4732 1158 4813 vitio,
1180 4744 1287 4826 atque
1309 4733 1477 4830 pravitate
1501 4727 1584 4826 plu·

542 4836 675 4907 timum
696 4825 837 4909 obesset
858 4851 931 4926 non
954 4830 1049 4904 secus
1069 4851 1111 4904 ac
1127 4828 1286 4905 salutares
1307 4831 1375 4904 cibi
1393 4829 1590 4904 stomacho

543 4929 752 5026 languenti,
783 4928 820 5002 dc
850 4928 939 5003 male
972 4926 1099 5003 affecto
1127 4928 1379 5005 detrimentum
1413 4926 1580 5006 afferunt.

544 5027 694 5107 Constat
714 5028 809 5102 enim
835 5027 994 5122 Apostoli
1018 5027 1198 5112 dotirina,
1227 5026 1332 5114 tales,
1355 5032 1417 5126 qui
1434 5027 1583 5123 indigne

254 5190 258 5199 .
543 5127 581 5204 id
601 5120 831 5225 sumpserint,
855 5129 1027 5219 judicium
1047 5124 1108 5201 srbi
1134 5132 1369 5214 manducare,
1390 5130 1426 5204 dt
1448 5129 1584 5207 bibere·
1631 5196 1632 5203 ,

275 5258 400 5464 N
539 5224 705 5324 Ideoque
726 5223 957 5320 Paratum&
984 5225 1297 5326 ¹concionatores,
1319 5250 1462 5305 necnon
1500 5231 1585 5324 qui·

763 5356 765 5360 ⁴
943 5401 945 5405 ,
1441 5346 1530 5403 cun-
1592 5380 1602 5395 .
