3892 6434
495 930 567 1028 De
594 929 864 1033 Sacramenta
892 928 1167 1037 Eucharistiae,
1207 944 1209 953 '
1316 955 1371 1037 19
1421 904 1436 929 ,

306 1102 414 1193 raris,
434 1103 478 1179 (θ’
498 1076 674 1186 veritaris.
704 1103 798 1211 Quae
820 1088 966 1184 uberem
990 1101 1178 1188 Parochis,
1202 1101 1239 1179 dr
1266 1103 1366 1180 verbi

308 1206 395 1283 sacri
413 1202 744 1284 concionatoribus
783 1205 925 1281 dicendi
958 1209 1139 1281 materiam
1166 1203 1200 1280 su
1230 1205 1365 1301 pedita-

310 1303 663 1403 budt,srfigurarpna
676 1303 881 1400 hujusmodi
892 1303 1072 1401 analogias
1093 1327 1178 1381 cum
1198 1227 1365 1380 Suchari.

308 1406 372 1482 iiia
384 1404 617 1493 meditentur,
641 1403 857 1483 &fidelibus
880 1422 1078 1498 exponant·
1116 1405 1203 1497 ugni
1218 1401 1363 1484 Pascha·
1449 1464 1460 1476 .
1487 1478 1490 1487 .

308 1505 352 1582 lis
376 1508 506 1592 ritum,
524 1523 698 1606 quatenus
722 1496 944 1585 Ericharistiae
978 1503 1092 1602 figura
1121 1503 1193 1589 est,
1217 1505 1361 1599 praecsa·

305 1629 347 1681 re
360 1613 393 1677 S.
415 1608 516 1699 Greg,
540 1628 673 1700 magnus
689 1608 841 1702 exponit
862 1602 1002 1686 Homil,
1016 1620 1075 1679 22.
1097 1605 1135 1681 in
1158 1601 1359 1702 Evangelia.

303 1761 328 1801 „
339 1761 362 1798 „
390 1703 489 1816 Quid
500 1702 580 1821 ¹sit(
597 1700 736 1801 inquit)
751 1706 901 1803 Sanguis
917 1705 1031 1802 tigni,
1045 1726 1120 1779 non
1134 1705 1201 1801 jam
1213 1703 1358 1789 audien·
1409 1685 1558 1829 &de

303 1806 450 1891 do,sed
474 1806 631 1884 bibendo
641 1806 817 1889 didicistis·
838 1804 918 1897 Qui
928 1804 1078 1904 Sanguis
1089 1826 1152 1903 per
1165 1820 1356 1902 utrumque
1373 1781 1557 1920 ἶμυᾝ,

303 1906 447 2081 fustem
472 1910 619 2001 ponitur
646 1906 826 2006 ,quando
848 1929 922 1982 non
951 1903 1068 1982 solum
1084 1928 1147 1980 ore
1168 1907 1350 2002 corporis,
1379 1915 1506 1979 tanatem
1598 1980 1602 1986 ,

321 2005 364 2079 ed
392 2009 496 2081 etiam
524 2028 587 2082 ore
607 2009 724 2083 cordis
759 2005 926 2081 hauritur.
970 2002 1012 2080 ln
1036 2020 1191 2102 utroque
1219 2006 1349 2084 etenim
1363 1991 1528 2083 spiemoeae

306 2105 410 2202 poste
432 2106 582 2202 Sanguis
608 2106 703 2202 Agni
727 2104 777 2190 est
796 2103 952 2204 positus,
978 2104 1125 2205 quando
1146 2105 1350 2181 Sacramen-
1367 2067 1554 2215 gpfflss'
1606 2152 1609 2159 ·

305 2201 571 2302 compassionis
594 2205 683 2285 iliius
697 2228 781 2283 cum
802 2228 865 2282 ore
889 2205 933 2281 ad
952 2205 1239 2303 redemptionem
1250 2203 1353 2286 sunri·
1367 2214 1446 2311 dam
1472 2219 1532 2310 tu.

305 2317 388 2388 tur,
415 2303 458 2380 ad
476 2307 713 2383 imitationem
742 2327 891 2403 quoque
910 2295 1044 2391 interita
1074 2323 1195 2388 mente
1217 2306 1351 2398 cogita·
1367 2296 1505 2360 0h³¹¹st¹2
1653 2339 1658 2348 ·

304 2401 500 2480 tur.·Nam
521 2407 583 2504 qui
601 2403 647 2483 fic
672 2394 923 2505 Redemptoris
942 2404 992 2489 sui
1016 2402 1235 2502 Sanguinem
1261 2407 1350 2478 acci·
1369 2375 1512 2462 Commu.

305 2505 385 2602 pit»
409 2521 451 2581 ut
471 2507 598 2580 imitari
614 2502 807 2603 passionem
828 2505 918 2582 illius
942 2504 1097 2581 necdum
1116 2504 1218 2590 velit,
1233 2506 1268 2579 in
1279 2525 1354 2595 qno
1368 2469 1515 2608 ffifffl
1515 2470 1550 2534 ²¹

306 2602 410 2778 {oste
422 2603 642 2699 Sanguinem
657 2603 795 2700 posuit,
816 2608 878 2703 qui
896 2607 1004 2683 etiam
1029 2607 1066 2687 in
1088 2605 1356 2704 superliminari·

334 2725 376 2780 us
401 2702 597 2783 domorum
628 2704 816 2802 ponendus
840 2704 899 2786 est·
925 2703 1027 2798 Quid
1043 2708 1138 2781 enim
1164 2703 1358 2800 spiritaliter
1460 2770 1466 2795 ,

304 2800 459 2889 domos,
493 2801 553 2883 nist
568 2820 703 2881 mentes
714 2806 848 2881 nostras
865 2807 1079 2900 accipimus,
1100 2806 1135 2879 in
1155 2806 1282 2899 quibus
1297 2825 1360 2898 per

307 2904 571 3000 cogitationem
594 2901 829 2990 inhabitamus
849 2902 993 2999 2Cujus
1013 2902 1143 2986 domus
1166 2902 1362 3001 superlimiv
1441 2917 1447 2923 “

305 3024 393 3080 nare
418 3003 468 3081 ost
481 3002 551 3103 ipsa
565 3006 739 3088 intentio,
759 2998 1204 3104 quaepraeeminetadio'ni.
1218 3000 1291 3095 Qui
1305 3023 1362 3075 er-

305 3123 362 3202 go
374 3106 610 3180 intentionem
628 3106 859 3204 cogitationis
872 3103 939 3194 suae
949 3101 994 3178 ad
1017 3102 1252 3180 imitationem
1282 3098 1362 3177 Do·

308 3203 454 3281 minicae
489 3199 655 3286 Paffionu
695 3205 855 3300 dirigit,
888 3205 924 3279 in
950 3202 1203 3300 superliminari
1229 3203 1361 3290 domuc

289 3303 406 3406 *Agrai
442 3298 660 3397 Sanguinem
699 3308 815 3401 ponit.
869 3303 938 3381 Vel
991 3318 1087 3385 certe
1126 3300 1255 3379 domus
1292 3324 1362 3376 no·

283 3400 387 3481 nrae
422 3400 491 3499 ipsa
518 3399 597 3479 sunt
623 3425 812 3500 corpora,
848 3407 886 3481 ‘in
930 3404 1058 3497 quibus
1088 3399 1273 3501 quousque
1309 3403 1361 3480 vi·

305 3505 447 3589 rimus,
467 3499 674 3591 habitamus·
702 3501 745 3582 Et
769 3503 805 3590 in
832 3501 1084 3602 superliminari
1109 3501 1239 3578 domus
1265 3499 1361 3596 ugni

309 3600 520 3699 sanguinem
548 3607 716 3700 ponimus
745 3659 755 3689 ,
793 3598 875 3703 quia
900 3626 1046 3679 crucem
1073 3600 1236 3697 passionis
1269 3601 1359 3683 iilius

308 3698 493 3787 insronto
520 3721 715 3799 portamus.
741 3701 801 3783 De
826 3726 902 3799 quo
925 3701 1042 3794 adhuc
1057 3724 1161 3803 ⁸agno
1180 3700 1357 3778 subditura

268 3858 281 3867 .
306 3801 357 3876 Er
376 3803 474 3872 edent
500 3825 612 3871 carnes
636 3801 727 3874 nosse
751 3805 808 3875 issa
830 3800 909 3893 affas
930 3806 1011 3897 igni,
1035 3798 1078 3881 In
1100 3801 1285 3898 undequi
1315 3823 1360 3894 pe
1393 3797 1487 3872 daed.
1506 3819 1552 3879 rr.

308 3899 458 4000 dgnum
480 3900 724 3991 comedimus,
747 3907 827 3999 quia
847 3907 882 3978 in
902 3901 1130 3984 Sacramento
1143 3902 1256 3975 modo
1281 3823 1363 3976 sso·
1408 3930 1411 3934 ·
1573 3914 1596 3926 ’“

308 4003 485 4085 minicuot
507 4001 649 4101 Corpus
669 4007 882 4101 accipimus,
905 4002 1051 4098 quando
1072 3997 1188 4081 adhuc
1206 4000 1249 4076 ad
1273 4003 1365 4084 invi,

296 4101 865 4189 ,cemnostrarconscientiasnon
885 4103 1044 4178 videmus
1072 4146 1099 4180 r·
1125 4100 1193 4175 Sed
1210 4096 1361 4176 solade-

311 4196 641 4294 demptoris-nostri
666 4221 829 4299 percepta
853 4202 1076 4279 Sacramenta
1106 4199 1147 4273 ad
1168 4223 1283 4281 veram
1308 4198 1363 4278 so,

306 4296 530 4377 lemnitatem
545 4305 671 4388 mentis
691 4326 763 4379 non
778 4300 977 4396 sufficiunt,
996 4298 1057 4385 nisa
1074 4302 1277 4393 eisquoque
1295 4299 1364 4377 bo,

306 4421 355 4476 na
373 4422 484 4499 opera
503 4403 709 4496 jungantur.
734 4402 835 4497 Quid
857 4407 952 4478 enim
970 4398 1112 4499 prodest
1135 4399 1303 4492 Corpus,
1326 4399 1362 4474 dc
1391 4400 1393 4405 ’

310 4500 533 4596 Sanguinem
557 4502 647 4578 illius
668 4525 730 4578 ore
752 4505 955 4599 percipere,
981 4502 1017 4576 ἃ
1040 4501 1071 4574 ei
1097 4495 1262 4593 perverfis
1284 4521 1364 4582 trau.

286 4601 411 4679 ¹ribus
432 4601 637 4689 contraire?
659 4598 764 4691 Unde
786 4603 875 4679 bene
893 4600 1011 4683 adbuc
1032 4598 1075 4674 ad
1097 4597 1361 4686 comedendum

305 4698 487 4779 subditur:
513 4700 560 4773 Et
579 4720 716 4792 azymos
733 4722 832 4793 panes
849 4726 919 4771 curn
940 4698 1076 4769 sassrrtr'r
1089 4692 1274 4789 agredib.r·.
1303 4695 1364 4778 Pa,
1468 4718 1479 4727 ·

306 4822 369 4891 nes
393 4801 529 4903 quippe
555 4798 626 4877 fine
643 4802 820 4880 serenento
843 4801 1027 4884 comedit,
1053 4803 1113 4898 qui
1142 4798 1229 4872 resia
1255 4821 1364 4890 opera

306 4898 381 4981 sne
404 4903 617 5001 operatione
643 4925 740 5004 rana
767 4902 891 5083 ghotis
915 4915 1058 4992 exercet
1079 4953 1091 4988 ,
1115 4901 1176 5007 qui
1201 4900 1364 5010 nrabdata
