3892 6434
1079 1392 1187 1464 ιο
1264 1288 1269 1294 ’
1416 1321 1743 1469 ‘simoi⁴
1791 1371 2025 1488 Dog.
2061 1375 2145 1464 ει
2175 1365 2480 1464 moral.
2521 1364 2711 1461 Lib.
2762 1366 2879 1466 Π.

1076 1542 1344 1622 dorum
1384 1593 1408 1629 ,
1456 1550 1521 1615 S.
1555 1546 1772 1637 yvon.
1809 1543 2120 1641 Chryfhst.
2182 1544 2459 1626 Homil.
2491 1565 2616 1639 45.
2665 1547 2737 1620 in
2789 1538 3204 1644 Joannem:

1082 1646 1159 1723 δι
1199 1646 1362 1720 alibi
1404 1644 1686 1741 panim,
1725 1646 1983 1747 aliique
2018 1646 2250 1724 Patres
2275 1696 2295 1729 ‚
2333 1668 2650 1744 quorum
2685 1645 2847 1723 loca
2880 1644 3194 1725 indicare

1078 1744 1431 1837 longioris
1462 1800 1491 1833 ,-
1528 1748 1602 1822 &
1656 1749 1919 1827 inutilis
1967 1771 2206 1842 operae
2251 1747 2460 1824 foret.
3043 1760 3052 1767 '

726 1843 938 1912 8¹¹¹&
974 1843 1032 1908 ἅ
1182 1842 1327 1925 XI.
1377 1845 1918 1926 Sacramentum
1972 1849 2151 1924 istud
2209 1844 2442 1928 Sanaq
2476 1902 2500 1933 ,
2554 1847 2644 1920 Φ·
2696 1843 2998 1927 Sanam
3046 1846 3201 1918 Do-

684 1923 969 2067 }foffl
1081 1946 1252 2019 nini
1285 2001 1306 2034 ,
1352 1948 1429 2023 &
1476 1948 1776 2019 Sanam
1810 1947 2217 2046 {impliciter
2257 1972 2346 2046 ap
2401 1947 2703 2024 ellarunt
2730 1999 2750 2026 .
2793 1946 2996 2047 quod
3032 1968 3199 2045 pre-

1081 2046 1346 2126 tiosum
1377 2046 1706 2145 Corpus,
1745 2050 1818 2126 &
1860 2049 2292 2147 Sanguinem
2384 2046 2573 2124 hristi
2607 2051 2974 2124 contineat
3003 2097 3024 2134 ,
3066 2046 3202 2142 qui

1081 2147 1355 2220 Sanam
1388 2149 1773 2221 Sanam-um
1814 2151 1951 2238 est,
1996 2150 2069 2226 δε
2109 2147 2273 2226 fons
2315 2153 2538 2228 totius
2575 2146 2960 2226 [uastitatis.
3016 2143 3197 2226 Haec

1029 2248 1037 2257 ‘
1078 2249 1380 2326 nomina
1424 2248 1761 2348 usurpant
1812 2254 1881 2328 S.
1913 2250 2226 2346 cyprian.
2283 2248 2404 2329 lib.
2473 2248 2565 2327 de
2615 2244 2902 2345 Lapfis:
2960 2302 3092 2341 „w
3133 2247 3194 2324 A

1077 2347 1346 2425 diaboli
1391 2353 1521 2426 aris
1574 2364 2048 2439 revertentes,
2098 2349 2188 2428 ad
2236 2349 2573 2430 Sanflum
2621 2347 2929 2427 Domini
2974 2345 3199 2424 sordi·

1076 2448 1243 2537 disq
1290 2449 1365 2526 St
1417 2450 1683 2528 infestis
1740 2452 1997 2529 nidore
2046 2453 2374 2530 manibus
2429 2449 2806 2529 accedunt.
2876 2443 3193 2522 Ibidem:

1076 2544 1177 2628 Et
1215 2546 1384 2626 cum
1430 2551 1757 2651 quaedam
1797 2575 2035 2631 arcam
2077 2553 2316 2641 suam,
2354 2555 2427 2630 in
2526 2574 2617 2629 ua
2662 2545 2968 2629 Domini
3019 2545 3200 2623 San-

1078 2649 1277 2727 stum
1320 2648 1504 2736 fuit,
1552 2654 1874 2743 manibus
1925 2653 2236 2751 indignis
2283 2666 2476 2731 tenta
2533 2665 2608 2729 et
2651 2652 2972 2747 aperire,
3018 2649 3194 2745 igne

1077 2747 1247 2825 inde
1287 2746 1618 2845 surgente
1641 2752 1972 2832 deterrita
2011 2754 2155 2834 est,
2183 2775 2274 2829 ne
2295 2750 2588 2832 auderet
2625 2752 2979 2847 attingere
3023 2789 3188 2834 ‚m-

1073 2847 1468 2943 Antiquior
1530 2852 1598 2928 S.
1640 2851 1707 2931 C
1758 2856 2008 2952 priano
2055 2852 2350 2927 Ten-tull.-
2403 2851 2526 2928 lib.
2602 2851 2682 2918 de
2736 2847 3131 2940 Speaaculis
3164 2894 3192 2929 2

1071 2966 1209 3043 0³9
1253 2962 1377 3045 25.
1427 3006 1473 3043 ,,
1544 2876 1779 3046 (ὶιιεῖε
1820 2954 1941 3038 est.
1969 3006 2026 3031 ..
2073 2977 2168 3032 ex
2212 2974 2380 3038 ore.
2412 2970 2568 3051 quo
2607 2948 2835 3025 Amen
2883 2949 2956 3021 in
3011 2948 3195 3024 San.

1056 3096 1119 3141 ‚,‚
1136 3048 1328 3125 stum
1372 3055 1755 3144 protuleris
1776 3103 1799 3136 2
1823 3055 2195 3152 gladiatori
2223 3051 2705 3133 testimonium
2731 3046 3026 3123 reddere
3075 3102 3120 3138 ‚,
3149 3045 3191 3125 ἲ

1067 3143 1466 3248 Dionysius
1499 3152 2017 3251 Alexandrinus
2077 3152 2291 3252 Epist.
2351 3151 2440 3229 ad
2493 3145 2843 3237 Baficidem
2891 3146 3074 3227 Can.
3111 3165 3186 3222 2·

1063 3300 1114 3340 „
1172 3247 1286 3324 Ad
1335 3249 1669 3330 Sanuum
1705 3266 1945 3334 autem
1995 3255 2466 3335 Sanctorum,
2508 3252 2632 3351 qui
2678 3270 2833 3323 non
2874 3252 3188 3322 omnino

1063 3400 1114 3440 „
1138 3351 1371 3426 anima
1396 3356 1657 3450 pariter
1681 3357 1802 3444 ,-&
1824 3378 2139 3457 corpore
2221 3378 2386 3433 urus
2412 3352 2513 3428 est
2530 3408 2550 3436 .
2577 3345 2915 3428 accedere
2941 3346 3193 3443 prohi-

1065 3498 1116 3540 ω
1153 3449 1430 3529 hebitur
1463 3498 1535 3547 „·
1558 3454 1973 3535 Concilium
1993 3455 2146 3534 Lao
2202 3459 2485 3570 icenum
2516 3449 2695 3531 Can.
2726 3467 2833 3531 ις..
2877 3500 2921 3537 ,,
2952 3445 3188 3540 Quod

1059 3546 3191 3737 :siffis331221303assai,fflzssssffit‘ztffiffit

1061 3744 1137 3826 S.
1167 3745 1472 3846 Cyrillus
1506 3753 1880 3831 Alexandr.
1930 3754 2055 3838 lib.
2095 3772 2208 3830 12.
2258 3755 2332 3828 in
2387 3748 2802 3850 Joannem:
2868 3788 2983 3831 ,,.,
3046 3747 3188 3821 Ac·

1062 3847 1484 3928 cedentibus
1515 3852 1604 3930 ad
1627 3854 2200 3931 benedictionem
2229 3850 2630 3954 mysticam.
2674 3845 2988 3924 ministri.
3011 3843 3187 3945 My-

1066 3945 1250 4026 sterii
1292 3973 1551 4050 magna
1597 3976 1783 4032 voce
1817 3954 2124 4033 clamant
2150 3968 2192 4033 ε·
2223 3949 2455 4023 Sancta
2494 3946 2794 4028 Sanffiss
2833 3944 2992 4021 solis
3032 3944 3186 4021 san·

1067 4045 1381 4126 stificatis
1431 4052 1674 4149 spiritu
1721 4054 1987 4131 tastum
2023 4101 2046 4132 ‚
2101 4055 2175 4129 &
2223 4050 2844 4129 sanctificationem
2889 4042 3187 4144 Corpo-

1068 4148 1160 4223 ris
1227 4150 1481 4228 Christi
1535 4177 1941 4252 congruere
1992 4151 2464 4251 significantes
2513 4200 2559 4236 „
2586 4205 2664 4236 ,‚.

754 4248 986 4323 reatin.
1170 4246 1348 4332 XII.
1409 4255 1656 4322 Gratia
1702 4269 2241 4336 vocatur,·non
2289 4251 2518 4328 solum
2562 4252 2726 4347 quia
2778 4266 2905 4344 per
2950 4243 3180 4341 ipsum

1072 4355 1300 4445 gratia
1343 4353 1416 4426 in
1459 4354 1796 4432 cordibus
1835 4354 2092 4431 nostris
2127 4351 2594 4434 diffunditur,
2621 4348 2736 4424 sed
2778 4349 2942 4444 quia
2971 4344 3183 4423 Chri-

1072 4449 1257 4527 stum
1296 4456 1625 4531 continet
1668 4456 1913 4551 gratiae
1956 4453 2361 4536 auctorem,
2408 4453 2532 4544 qui
2577 4449 2779 4526 suum
2821 4445 2959 4541 ipse
2991 4445 3183 4523 Cor-

760 4550 782 4565 ”
944 4586 950 4591 ·
1021 4556 1032 4570 “
1072 4572 1258 4651 pus,
1304 4553 1378 4626 δε
1422 4551 1858 4650 Sanguinem
1893 4600 1916 4633 ,
1968 4556 2276 4629 animam
2314 4600 2337 4635 ‚
2391 4552 2466 4627 δε
2516 4549 2938 4647 dignitatem
2970 4593 2990 4626 2
3052 4542 3180 4620 sub

1074 4649 1280 4727 sactis
1327 4651 1684 4749 speciebus
1740 4657 2257 4730 communicat·
2334 4647 2507 4728 Hoc
2568 4668 2842 4725 nomen
2897 4642 3187 4724 Eucha-

963 4782 971 4789 ·
1068 4752 1651 4832 ristiae‘tribuunt
1711 4751 1780 4824 25.
1808 4758 2117 4853 cyprian.
2171 4751 2294 4833 lib.
2342 4750 2433 4825 de
2473 4747 2774 4844 Lapfis:
2823 4788 2958 4833 ,η’
3019 4743 3181 4823 Do-

1070 4866 1424 4929 cumento
1469 4857 1676 4932 unius
1726 4852 2086 4932 ostensum·
2135 4853 2234 4928 est
2263 4907 2283 4937 ,
2340 4848 2748 4928 Dominum
2802 4844 3175 4930 recedere,

1074 4971 1247 5027 cum
1271 4966 1610 5047 negatum
1648 4977 1779 5031 nec
1817 4953 2352 5029 immerentibus
2379 4949 2466 5024 ad
2493 4947 2778 5024 salutem
2805 4942 3130 5043 prodess'e
3154 4989 3185 5029 .

1073 5051 1279 5147 quod
1325 5052 1660 5141 sumitur,
1713 5053 2009 5151 quando
2057 5054 2279 5152 gratia
2335 5049 2641 5126 salutaris
2694 5051 2766 5122 in
2813 5050 3175 5122 cinerem»

1068 5147 1446 5227 Sanffitate
1467 5152 1787 5249 fugiente
1803 5202 1825 5236 ‚
1850 5170 2168 5230 mutetur
2202 5207 2248 5239 .‚
2270 5206 2342 5237 ,,.
2382 5147 2454 5226 S·
2476 5148 2769 5243 August.
2791 5145 3022 5222 Tra&
3053 5165 3176 5236 27.

1065 5249 1139 5325 in
1191 5246 1451 5344 Joann.
1504 5299 1623 5337 ‚-‚,
1679 5250 1790 5330 Illi
1835 5253 2177 5347 putabant
2218 5274 2384 5327 eum
2437 5264 2937 5347 errogaturum
2984 5241 3178 5321 Cor·

1062 5370 1199 5457 pus
1240 5349 1483 5445 l'uum3
1516 5352 1630 5433 ille
1655 5368 1894 5437 autem
1927 5354 2153 5442 dixit.
2179 5350 2246 5429 se
2269 5348 2710 5433 ascensurum
2734 5351 2808 5425 in
2848 5344 3119 5524 οοεέἰυηι
3144 5392 3175 5433 ,

1124 5510 1134 5520 .
2909 5469 2957 5523 u
3014 5493 3049 5511 ..
