<?xml version="1.0" encoding="UTF-8"?>
<!DOCTYPE html PUBLIC "-//W3C//DTD XHTML 1.0 Transitional//EN"
    "http://www.w3.org/TR/xhtml1/DTD/xhtml1-transitional.dtd">
<html xmlns="http://www.w3.org/1999/xhtml" xml:lang="en" lang="en">
 <head>
  <title>
</title>
<meta http-equiv="Content-Type" content="text/html;charset=utf-8" />
  <meta name='ocr-system' content='tesseract 3.04.00' />
  <meta name='ocr-capabilities' content='ocr_page ocr_carea ocr_par ocr_line ocrx_word'/>
</head>
<body>
  <div class='ocr_page' id='page_1' title='image "./theologiadogmat03alexgoog_0195.png"; bbox 0 0 3892 6434; ppageno 0'>
   <div class='ocr_carea' id='block_1_1' title="bbox 526 901 1412 1037">
    <p class='ocr_par' dir='ltr' id='par_1_1' title="bbox 526 901 1412 1037">
     <span class='ocr_line' id='line_1_1' title="bbox 526 901 1412 1037; baseline -0.006 -35"><span class='ocrx_word' id='word_1_1' title='bbox 526 913 598 1002; x_wconf 87' lang='lat' dir='ltr'>De</span> <span class='ocrx_word' id='word_1_2' title='bbox 626 907 897 1001; x_wconf 88' lang='lat' dir='ltr'>Sacramento</span> <span class='ocrx_word' id='word_1_3' title='bbox 925 901 1202 1037; x_wconf 64' lang='lat' dir='ltr'>Eucharistia,</span> <span class='ocrx_word' id='word_1_4' title='bbox 1324 929 1412 1013; x_wconf 74' lang='lat'>205</span> 
     </span>
    </p>
   </div>
   <div class='ocr_carea' id='block_1_2' title="bbox 585 1074 1214 1207">
    <p class='ocr_par' dir='ltr' id='par_1_2' title="bbox 585 1074 1214 1207">
     <span class='ocr_line' id='line_1_2' title="bbox 585 1074 1214 1207; baseline -0.014 -46"><span class='ocrx_word' id='word_1_5' title='bbox 585 1074 1111 1207; x_wconf 78' lang='lat' dir='ltr'>PROPQSlTIO</span> <span class='ocrx_word' id='word_1_6' title='bbox 1164 1077 1214 1158; x_wconf 84' lang='lat' dir='ltr'>V.</span> 
     </span>
    </p>
   </div>
   <div class='ocr_carea' id='block_1_3' title="bbox 358 1186 1427 1430">
    <p class='ocr_par' dir='ltr' id='par_1_3' title="bbox 358 1186 1427 1430">
     <span class='ocr_line' id='line_1_3' title="bbox 358 1186 1427 1334; baseline -0.006 -19"><span class='ocrx_word' id='word_1_7' title='bbox 358 1234 572 1322; x_wconf 68' lang='lat' dir='ltr'>Embmiriiae</span> <span class='ocrx_word' id='word_1_8' title='bbox 591 1244 835 1310; x_wconf 75' lang='lat' dir='ltr'><em>Sacramentum</em></span> <span class='ocrx_word' id='word_1_9' title='bbox 847 1237 1047 1307; x_wconf 73' lang='lat' dir='ltr'>Antidotum</span> <span class='ocrx_word' id='word_1_10' title='bbox 1065 1229 1127 1325; x_wconf 72' lang='lat' dir='ltr'>cri,</span> <span class='ocrx_word' id='word_1_11' title='bbox 1145 1257 1209 1334; x_wconf 78' lang='lat' dir='ltr'>quo</span> <span class='ocrx_word' id='word_1_12' title='bbox 1230 1186 1427 1334; x_wconf 61' lang='lat' dir='ltr'>spectetis</span> 
     </span>
     <span class='ocr_line' id='line_1_4' title="bbox 680 1334 1083 1430; baseline -0.01 -22"><span class='ocrx_word' id='word_1_13' title='bbox 680 1337 811 1430; x_wconf 75' lang='lat' dir='ltr'>futuris</span> <span class='ocrx_word' id='word_1_14' title='bbox 835 1334 1083 1429; x_wconf 62' lang='lat' dir='ltr'>praeserventur.</span> 
     </span>
    </p>
   </div>
   <div class='ocr_carea' id='block_1_4' title="bbox 454 1485 1620 1594">
    <p class='ocr_par' dir='ltr' id='par_1_4' title="bbox 454 1485 1620 1594">
     <span class='ocr_line' id='line_1_5' title="bbox 454 1485 1620 1594; baseline -0.01 -19"><span class='ocrx_word' id='word_1_15' title='bbox 454 1521 506 1577; x_wconf 84' lang='lat' dir='ltr'>ac</span> <span class='ocrx_word' id='word_1_16' title='bbox 526 1495 731 1594; x_wconf 85' lang='lat' dir='ltr'>Propolitio</span> <span class='ocrx_word' id='word_1_17' title='bbox 752 1496 802 1573; x_wconf 87' lang='lat' dir='ltr'>est</span> <span class='ocrx_word' id='word_1_18' title='bbox 826 1492 981 1572; x_wconf 90' lang='lat' dir='ltr'>Concilii</span> <span class='ocrx_word' id='word_1_19' title='bbox 995 1492 1224 1584; x_wconf 84' lang='lat' dir='ltr'>Tridentini,</span> <span class='ocrx_word' id='word_1_20' title='bbox 1245 1491 1327 1572; x_wconf 81' lang='lat' dir='ltr'>Seli.</span> <span class='ocrx_word' id='word_1_21' title='bbox 1347 1509 1404 1587; x_wconf 65' lang='grc' dir='ltr'>ις.</span> <span class='ocrx_word' id='word_1_22' title='bbox 1478 1485 1620 1563; x_wconf 63' lang='lat' dir='ltr'>Mu</span> 
     </span>
    </p>
   </div>
   <div class='ocr_carea' id='block_1_5' title="bbox 468 1563 1575 1693">
    <p class='ocr_par' dir='ltr' id='par_1_5' title="bbox 468 1563 1575 1693">
     <span class='ocr_line' id='line_1_6' title="bbox 468 1563 1575 1693; baseline -0.009 -17"><span class='ocrx_word' id='word_1_23' title='bbox 468 1622 543 1693; x_wconf 91' lang='lat' dir='ltr'>cap.</span> <span class='ocrx_word' id='word_1_24' title='bbox 558 1615 594 1668; x_wconf 88' lang='lat'>2·</span> <span class='ocrx_word' id='word_1_25' title='bbox 616 1600 651 1672; x_wconf 78' lang='lat' dir='ltr'>bc</span> <span class='ocrx_word' id='word_1_26' title='bbox 671 1600 794 1674; x_wconf 89' lang='lat' dir='ltr'>nititur</span> <span class='ocrx_word' id='word_1_27' title='bbox 813 1593 942 1673; x_wconf 89' lang='lat' dir='ltr'>Cbristi</span> <span class='ocrx_word' id='word_1_28' title='bbox 961 1592 1115 1670; x_wconf 88' lang='lat' dir='ltr'>Domini</span> <span class='ocrx_word' id='word_1_29' title='bbox 1135 1596 1276 1682; x_wconf 71' lang='lat' dir='ltr'>verbis,</span> <span class='ocrx_word' id='word_1_30' title='bbox 1295 1591 1406 1688; x_wconf 83' lang='lat' dir='ltr'>joan·</span> <span class='ocrx_word' id='word_1_31' title='bbox 1435 1563 1575 1657; x_wconf 44' lang='lat'>⁸⁹⁰¹*-</span> 
     </span>
    </p>
   </div>
   <div class='ocr_carea' id='block_1_6' title="bbox 346 1692 1607 5082">
    <p class='ocr_par' dir='ltr' id='par_1_6' title="bbox 357 1692 1547 2096">
     <span class='ocr_line' id='line_1_7' title="bbox 359 1692 1407 1790; baseline -0.012 -16"><span class='ocrx_word' id='word_1_32' title='bbox 359 1694 454 1774; x_wconf 88' lang='lat' dir='ltr'>nis6</span> <span class='ocrx_word' id='word_1_33' title='bbox 491 1721 548 1787; x_wconf 81' lang='lat'>50.</span> <span class='ocrx_word' id='word_1_34' title='bbox 575 1701 645 1768; x_wconf 83' lang='lat' dir='ltr'>Hic</span> <span class='ocrx_word' id='word_1_35' title='bbox 664 1693 707 1777; x_wconf 72' lang='lat' dir='ltr'>eli</span> <span class='ocrx_word' id='word_1_36' title='bbox 721 1697 816 1789; x_wconf 81' lang='lat' dir='ltr'>partic</span> <span class='ocrx_word' id='word_1_37' title='bbox 840 1697 880 1764; x_wconf 82' lang='lat' dir='ltr'>dt</span> <span class='ocrx_word' id='word_1_38' title='bbox 894 1693 970 1766; x_wconf 76' lang='lat' dir='ltr'>colo</span> <span class='ocrx_word' id='word_1_39' title='bbox 996 1692 1204 1781; x_wconf 72' lang='lat' dir='ltr'>descendent,</span> <span class='ocrx_word' id='word_1_40' title='bbox 1228 1715 1268 1765; x_wconf 81' lang='lat' dir='ltr'>er</span> <span class='ocrx_word' id='word_1_41' title='bbox 1282 1698 1310 1784; x_wconf 72' lang='lat' dir='ltr'>li</span> <span class='ocrx_word' id='word_1_42' title='bbox 1333 1698 1407 1790; x_wconf 82' lang='lat' dir='ltr'>qeis</span> 
     </span>
     <span class='ocr_line' id='line_1_8' title="bbox 357 1792 1408 1890; baseline -0.005 -21"><span class='ocrx_word' id='word_1_43' title='bbox 357 1820 401 1869; x_wconf 81' lang='lat' dir='ltr'>rx</span> <span class='ocrx_word' id='word_1_44' title='bbox 422 1797 488 1886; x_wconf 79' lang='lat' dir='ltr'>ipso</span> <span class='ocrx_word' id='word_1_45' title='bbox 511 1799 787 1883; x_wconf 73' lang='lat' dir='ltr'>manducaverit,</span> <span class='ocrx_word' id='word_1_46' title='bbox 811 1818 874 1866; x_wconf 77' lang='lat' dir='ltr'>eon</span> <span class='ocrx_word' id='word_1_47' title='bbox 898 1796 1074 1871; x_wconf 79' lang='lat' dir='ltr'>moriatur.</span> <span class='ocrx_word' id='word_1_48' title='bbox 1101 1792 1216 1890; x_wconf 90' lang='lat' dir='ltr'>Quod</span> <span class='ocrx_word' id='word_1_49' title='bbox 1240 1813 1335 1873; x_wconf 79' lang='lat' dir='ltr'>certe</span> <span class='ocrx_word' id='word_1_50' title='bbox 1361 1795 1408 1871; x_wconf 81' lang='lat' dir='ltr'>de</span> 
     </span>
     <span class='ocr_line' id='line_1_9' title="bbox 359 1895 1547 1996; baseline -0.004 -21"><span class='ocrx_word' id='word_1_51' title='bbox 359 1913 479 1975; x_wconf 87' lang='lat' dir='ltr'>morte</span> <span class='ocrx_word' id='word_1_52' title='bbox 493 1900 657 1993; x_wconf 88' lang='lat' dir='ltr'>corporis</span> <span class='ocrx_word' id='word_1_53' title='bbox 679 1896 827 1993; x_wconf 81' lang='lat' dir='ltr'>intelligi</span> <span class='ocrx_word' id='word_1_54' title='bbox 840 1918 915 1971; x_wconf 91' lang='lat' dir='ltr'>non</span> <span class='ocrx_word' id='word_1_55' title='bbox 936 1895 1073 1993; x_wconf 85' lang='lat' dir='ltr'>potest,</span> <span class='ocrx_word' id='word_1_56' title='bbox 1093 1919 1163 1996; x_wconf 89' lang='lat' dir='ltr'>qua</span> <span class='ocrx_word' id='word_1_57' title='bbox 1179 1897 1406 1982; x_wconf 86' lang='lat' dir='ltr'>moriuntur.</span> <span class='ocrx_word' id='word_1_58' title='bbox 1535 1916 1547 1961; x_wconf 65' lang='lat' dir='ltr'>s</span> 
     </span>
     <span class='ocr_line' id='line_1_10' title="bbox 358 1994 1409 2096; baseline -0.006 -22"><span class='ocrx_word' id='word_1_59' title='bbox 358 2000 396 2074; x_wconf 73' lang='lat' dir='ltr'>bc</span> <span class='ocrx_word' id='word_1_60' title='bbox 409 2003 471 2096; x_wconf 89' lang='lat' dir='ltr'>qui</span> <span class='ocrx_word' id='word_1_61' title='bbox 485 1998 665 2074; x_wconf 87' lang='lat' dir='ltr'>coelestem</span> <span class='ocrx_word' id='word_1_62' title='bbox 680 1996 920 2073; x_wconf 85' lang='lat' dir='ltr'>illumPanem</span> <span class='ocrx_word' id='word_1_63' title='bbox 932 1996 1170 2086; x_wconf 85' lang='lat' dir='ltr'>manducant3</span> <span class='ocrx_word' id='word_1_64' title='bbox 1187 1994 1243 2096; x_wconf 82' lang='lat' dir='ltr'>led</span> <span class='ocrx_word' id='word_1_65' title='bbox 1254 1995 1298 2070; x_wconf 88' lang='lat' dir='ltr'>de</span> <span class='ocrx_word' id='word_1_66' title='bbox 1309 2016 1409 2070; x_wconf 61' lang='lat' dir='ltr'>mors</span> 
     </span>
    </p>

    <p class='ocr_par' dir='ltr' id='par_1_7' title="bbox 354 2093 1410 2294">
     <span class='ocr_line' id='line_1_11' title="bbox 357 2093 1410 2193; baseline -0.003 -18"><span class='ocrx_word' id='word_1_67' title='bbox 357 2112 394 2175; x_wconf 87' lang='lat' dir='ltr'>te</span> <span class='ocrx_word' id='word_1_68' title='bbox 413 2103 561 2179; x_wconf 79' lang='lat' dir='ltr'>anima,</span> <span class='ocrx_word' id='word_1_69' title='bbox 582 2120 662 2193; x_wconf 83' lang='lat' dir='ltr'>quae</span> <span class='ocrx_word' id='word_1_70' title='bbox 687 2095 735 2172; x_wconf 89' lang='lat' dir='ltr'>est</span> <span class='ocrx_word' id='word_1_71' title='bbox 761 2112 972 2193; x_wconf 89' lang='lat' dir='ltr'>peccatum,</span> <span class='ocrx_word' id='word_1_72' title='bbox 997 2093 1144 2193; x_wconf 85' lang='lat' dir='ltr'>intelligi</span> <span class='ocrx_word' id='word_1_73' title='bbox 1165 2095 1282 2173; x_wconf 80' lang='lat' dir='ltr'>debeb</span> <span class='ocrx_word' id='word_1_74' title='bbox 1307 2094 1410 2172; x_wconf 82' lang='lat' dir='ltr'>Sicut</span> 
     </span>
     <span class='ocr_line' id='line_1_12' title="bbox 354 2193 1410 2294; baseline -0.003 -21"><span class='ocrx_word' id='word_1_75' title='bbox 354 2201 450 2273; x_wconf 84' lang='lat' dir='ltr'>enim</span> <span class='ocrx_word' id='word_1_76' title='bbox 474 2196 631 2274; x_wconf 87' lang='lat' dir='ltr'>hominis</span> <span class='ocrx_word' id='word_1_77' title='bbox 653 2219 785 2294; x_wconf 91' lang='lat' dir='ltr'>corpus</span> <span class='ocrx_word' id='word_1_78' title='bbox 807 2195 939 2291; x_wconf 82' lang='lat' dir='ltr'>duplici</span> <span class='ocrx_word' id='word_1_79' title='bbox 965 2194 1086 2272; x_wconf 85' lang='lat' dir='ltr'>medio</span> <span class='ocrx_word' id='word_1_80' title='bbox 1106 2219 1125 2271; x_wconf 94' lang='lat' dir='ltr'>a</span> <span class='ocrx_word' id='word_1_81' title='bbox 1160 2211 1277 2273; x_wconf 86' lang='lat' dir='ltr'>morte</span> <span class='ocrx_word' id='word_1_82' title='bbox 1297 2193 1410 2271; x_wconf 79' lang='lat' dir='ltr'>serva·</span> 
     </span>
    </p>

    <p class='ocr_par' dir='ltr' id='par_1_8' title="bbox 352 2296 1410 2394">
     <span class='ocr_line' id='line_1_13' title="bbox 352 2296 1410 2394; baseline -0.003 -20"><span class='ocrx_word' id='word_1_83' title='bbox 352 2311 438 2380; x_wconf 75' lang='lat' dir='ltr'>tur,</span> <span class='ocrx_word' id='word_1_84' title='bbox 463 2302 599 2394; x_wconf 90' lang='lat' dir='ltr'>primo,</span> <span class='ocrx_word' id='word_1_85' title='bbox 628 2314 803 2394; x_wconf 80' lang='lat' dir='ltr'>quatenus</span> <span class='ocrx_word' id='word_1_86' title='bbox 825 2298 970 2373; x_wconf 86' lang='lat' dir='ltr'>interius</span> <span class='ocrx_word' id='word_1_87' title='bbox 995 2297 1178 2374; x_wconf 83' lang='lat' dir='ltr'>munitur,</span> <span class='ocrx_word' id='word_1_88' title='bbox 1198 2296 1235 2370; x_wconf 74' lang='grc' dir='ltr'>ἀ</span> <span class='ocrx_word' id='word_1_89' title='bbox 1259 2296 1410 2373; x_wconf 83' lang='lat' dir='ltr'>robora·</span> 
     </span>
    </p>

    <p class='ocr_par' dir='ltr' id='par_1_9' title="bbox 351 2393 1410 2593">
     <span class='ocr_line' id='line_1_14' title="bbox 351 2393 1408 2494; baseline -0.003 -20"><span class='ocrx_word' id='word_1_90' title='bbox 351 2415 413 2474; x_wconf 92' lang='lat' dir='ltr'>tur</span> <span class='ocrx_word' id='word_1_91' title='bbox 435 2415 561 2473; x_wconf 91' lang='lat' dir='ltr'>contra</span> <span class='ocrx_word' id='word_1_92' title='bbox 590 2399 831 2493; x_wconf 84' lang='lat' dir='ltr'>corruptionis</span> <span class='ocrx_word' id='word_1_93' title='bbox 855 2398 1051 2493; x_wconf 88' lang='lat' dir='ltr'>principia,</span> <span class='ocrx_word' id='word_1_94' title='bbox 1069 2398 1172 2494; x_wconf 84' lang='lat' dir='ltr'>quod</span> <span class='ocrx_word' id='word_1_95' title='bbox 1199 2393 1239 2472; x_wconf 86' lang='lat' dir='ltr'>fit</span> <span class='ocrx_word' id='word_1_96' title='bbox 1259 2395 1408 2474; x_wconf 72' lang='lat' dir='ltr'>cibi›&amp;</span> 
     </span>
     <span class='ocr_line' id='line_1_15' title="bbox 353 2492 1410 2593; baseline 0 -22"><span class='ocrx_word' id='word_1_97' title='bbox 353 2498 542 2572; x_wconf 84' lang='lat' dir='ltr'>medicina</span> <span class='ocrx_word' id='word_1_98' title='bbox 565 2492 732 2583; x_wconf 82' lang='lat' dir='ltr'>subssdiu,</span> <span class='ocrx_word' id='word_1_99' title='bbox 750 2494 908 2573; x_wconf 82' lang='lat' dir='ltr'>secundo</span> <span class='ocrx_word' id='word_1_100' title='bbox 924 2549 935 2580; x_wconf 87' lang='lat'><strong>.</strong></span> <span class='ocrx_word' id='word_1_101' title='bbox 952 2498 1298 2593; x_wconf 86' lang='lat' dir='ltr'>quatenusmunitur</span> <span class='ocrx_word' id='word_1_102' title='bbox 1318 2514 1410 2574; x_wconf 74' lang='lat' dir='ltr'>con·</span> 
     </span>
    </p>

    <p class='ocr_par' dir='ltr' id='par_1_10' title="bbox 353 2593 1410 2694">
     <span class='ocr_line' id='line_1_16' title="bbox 353 2593 1410 2694; baseline -0.001 -21"><span class='ocrx_word' id='word_1_103' title='bbox 353 2616 409 2673; x_wconf 87' lang='lat' dir='ltr'>tra</span> <span class='ocrx_word' id='word_1_104' title='bbox 421 2617 583 2674; x_wconf 83' lang='lat' dir='ltr'>externas</span> <span class='ocrx_word' id='word_1_105' title='bbox 606 2597 760 2674; x_wconf 82' lang='lat' dir='ltr'>bolliam</span> <span class='ocrx_word' id='word_1_106' title='bbox 779 2599 1093 2694; x_wconf 81' lang='lat' dir='ltr'>impugnationes,</span> <span class='ocrx_word' id='word_1_107' title='bbox 1114 2594 1214 2692; x_wconf 91' lang='lat' dir='ltr'>quod</span> <span class='ocrx_word' id='word_1_108' title='bbox 1233 2593 1273 2672; x_wconf 86' lang='lat' dir='ltr'>lit</span> <span class='ocrx_word' id='word_1_109' title='bbox 1289 2618 1410 2672; x_wconf 59' lang='lat' dir='ltr'>armoe</span> 
     </span>
    </p>

    <p class='ocr_par' dir='ltr' id='par_1_11' title="bbox 352 2690 1529 3193">
     <span class='ocr_line' id='line_1_17' title="bbox 354 2690 1408 2795; baseline 0.005 -23"><span class='ocrx_word' id='word_1_110' title='bbox 354 2719 437 2773; x_wconf 85' lang='lat' dir='ltr'>rum</span> <span class='ocrx_word' id='word_1_111' title='bbox 464 2695 649 2795; x_wconf 78' lang='lat' dir='ltr'>praefidi03</span> <span class='ocrx_word' id='word_1_112' title='bbox 677 2698 724 2772; x_wconf 89' lang='lat' dir='ltr'>ita</span> <span class='ocrx_word' id='word_1_113' title='bbox 743 2690 964 2772; x_wconf 82' lang='lat' dir='ltr'>Eucharillia</span> <span class='ocrx_word' id='word_1_114' title='bbox 989 2692 1256 2771; x_wconf 78' lang='lat' dir='ltr'>Sacramentum</span> <span class='ocrx_word' id='word_1_115' title='bbox 1292 2717 1358 2772; x_wconf 81' lang='lat' dir='ltr'>nos</span> <span class='ocrx_word' id='word_1_116' title='bbox 1385 2719 1408 2777; x_wconf 75' lang='lat' dir='ltr'>a</span> 
     </span>
     <span class='ocr_line' id='line_1_18' title="bbox 352 2796 1410 2894; baseline 0.004 -24"><span class='ocrx_word' id='word_1_117' title='bbox 352 2799 561 2873; x_wconf 88' lang='lat' dir='ltr'>criminibus</span> <span class='ocrx_word' id='word_1_118' title='bbox 585 2818 718 2894; x_wconf 88' lang='lat' dir='ltr'>puros,</span> <span class='ocrx_word' id='word_1_119' title='bbox 740 2796 776 2871; x_wconf 88' lang='lat'>&amp;</span> <span class='ocrx_word' id='word_1_120' title='bbox 799 2798 980 2892; x_wconf 86' lang='lat' dir='ltr'>integros,</span> <span class='ocrx_word' id='word_1_121' title='bbox 1000 2807 1105 2893; x_wconf 86' lang='lat' dir='ltr'>atque</span> <span class='ocrx_word' id='word_1_122' title='bbox 1129 2797 1410 2874; x_wconf 85' lang='lat' dir='ltr'>atentationum</span> 
     </span>
     <span class='ocr_line' id='line_1_19' title="bbox 352 2894 1529 3003; baseline -0.002 -31"><span class='ocrx_word' id='word_1_123' title='bbox 352 2899 493 2992; x_wconf 87' lang='lat' dir='ltr'>impetu</span> <span class='ocrx_word' id='word_1_124' title='bbox 516 2897 714 2972; x_wconf 86' lang='lat' dir='ltr'>incolumes</span> <span class='ocrx_word' id='word_1_125' title='bbox 736 2895 866 2980; x_wconf 81' lang='lat' dir='ltr'>servat,</span> <span class='ocrx_word' id='word_1_126' title='bbox 882 2917 924 2969; x_wconf 91' lang='lat' dir='ltr'>ac</span> <span class='ocrx_word' id='word_1_127' title='bbox 944 2911 1113 2992; x_wconf 88' lang='lat' dir='ltr'>tanquam</span> <span class='ocrx_word' id='word_1_128' title='bbox 1132 2894 1276 2970; x_wconf 72' lang='lat' dir='ltr'>coeleste</span> <span class='ocrx_word' id='word_1_129' title='bbox 1296 2897 1410 2970; x_wconf 81' lang='lat' dir='ltr'>medi·</span> <span class='ocrx_word' id='word_1_130' title='bbox 1483 2980 1497 3003; x_wconf 33' lang='grc' dir='ltr'><strong>Ἴ</strong></span> <span class='ocrx_word' id='word_1_131' title='bbox 1522 2967 1529 2981; x_wconf 86' lang='grc'><em>,</em></span> 
     </span>
     <span class='ocr_line' id='line_1_20' title="bbox 353 2993 1419 3093; baseline 0.001 -22"><span class='ocrx_word' id='word_1_132' title='bbox 353 3017 560 3073; x_wconf 82' lang='lat' dir='ltr'>camentum</span> <span class='ocrx_word' id='word_1_133' title='bbox 589 3000 744 3072; x_wconf 89' lang='lat' dir='ltr'>animam</span> <span class='ocrx_word' id='word_1_134' title='bbox 770 3009 964 3093; x_wconf 83' lang='lat' dir='ltr'>ptaeparat.,</span> <span class='ocrx_word' id='word_1_135' title='bbox 980 3016 1033 3071; x_wconf 69' lang='lat' dir='ltr'>ne,</span> <span class='ocrx_word' id='word_1_136' title='bbox 1046 2993 1194 3090; x_wconf 84' lang='lat' dir='ltr'>alicujus</span> <span class='ocrx_word' id='word_1_137' title='bbox 1217 2993 1419 3091; x_wconf 34' lang='lat' dir='ltr'>mortifera„</span> 
     </span>
     <span class='ocr_line' id='line_1_21' title="bbox 357 3091 1406 3193; baseline 0.004 -24"><span class='ocrx_word' id='word_1_138' title='bbox 357 3099 631 3193; x_wconf 81' lang='lat' dir='ltr'>perturbationis</span> <span class='ocrx_word' id='word_1_139' title='bbox 644 3117 783 3170; x_wconf 88' lang='lat' dir='ltr'>veneno</span> <span class='ocrx_word' id='word_1_140' title='bbox 798 3093 896 3170; x_wconf 87' lang='lat' dir='ltr'>lacile</span> <span class='ocrx_word' id='word_1_141' title='bbox 909 3091 1026 3168; x_wconf 75' lang='lat' dir='ltr'>inlici,</span> <span class='ocrx_word' id='word_1_142' title='bbox 1040 3116 1082 3170; x_wconf 86' lang='lat' dir='ltr'>ec</span> <span class='ocrx_word' id='word_1_143' title='bbox 1095 3096 1278 3191; x_wconf 87' lang='lat' dir='ltr'>corrumpi</span> <span class='ocrx_word' id='word_1_144' title='bbox 1287 3111 1406 3193; x_wconf 83' lang='lat' dir='ltr'>queat.</span> 
     </span>
    </p>

    <p class='ocr_par' dir='ltr' id='par_1_12' title="bbox 350 3192 1412 3393">
     <span class='ocr_line' id='line_1_22' title="bbox 350 3192 1406 3289; baseline -0.002 -19"><span class='ocrx_word' id='word_1_145' title='bbox 350 3194 450 3289; x_wconf 77' lang='lat' dir='ltr'>Qpia</span> <span class='ocrx_word' id='word_1_146' title='bbox 466 3198 564 3271; x_wconf 85' lang='lat' dir='ltr'>eninr</span> <span class='ocrx_word' id='word_1_147' title='bbox 583 3195 768 3270; x_wconf 88' lang='lat' dir='ltr'>hominem</span> <span class='ocrx_word' id='word_1_148' title='bbox 784 3192 925 3270; x_wconf 81' lang='lat' dir='ltr'>Christo</span> <span class='ocrx_word' id='word_1_149' title='bbox 947 3194 1139 3289; x_wconf 86' lang='lat' dir='ltr'>conjungit</span> <span class='ocrx_word' id='word_1_150' title='bbox 1157 3215 1221 3289; x_wconf 88' lang='lat' dir='ltr'>per</span> <span class='ocrx_word' id='word_1_151' title='bbox 1236 3195 1406 3289; x_wconf 84' lang='lat' dir='ltr'>gratiam.</span> 
     </span>
     <span class='ocr_line' id='line_1_23' title="bbox 351 3291 1412 3393; baseline 0 -23"><span class='ocrx_word' id='word_1_152' title='bbox 351 3301 502 3372; x_wconf 84' lang='lat' dir='ltr'>roborat</span> <span class='ocrx_word' id='word_1_153' title='bbox 524 3295 734 3393; x_wconf 81' lang='lat' dir='ltr'>spiritualem</span> <span class='ocrx_word' id='word_1_154' title='bbox 755 3297 864 3371; x_wconf 87' lang='lat' dir='ltr'>vitam</span> <span class='ocrx_word' id='word_1_155' title='bbox 881 3293 1038 3369; x_wconf 88' lang='lat' dir='ltr'>hominis</span> <span class='ocrx_word' id='word_1_156' title='bbox 1059 3309 1228 3390; x_wconf 85' lang='lat' dir='ltr'>tanquam</span> <span class='ocrx_word' id='word_1_157' title='bbox 1250 3291 1412 3391; x_wconf 85' lang='lat' dir='ltr'>spiritua·</span> 
     </span>
    </p>

    <p class='ocr_par' dir='ltr' id='par_1_13' title="bbox 350 3392 1414 3692">
     <span class='ocr_line' id='line_1_24' title="bbox 350 3392 1414 3494; baseline 0.002 -24"><span class='ocrx_word' id='word_1_158' title='bbox 350 3395 393 3470; x_wconf 88' lang='lat' dir='ltr'>lis</span> <span class='ocrx_word' id='word_1_159' title='bbox 426 3399 524 3470; x_wconf 91' lang='lat' dir='ltr'>cibus</span> <span class='ocrx_word' id='word_1_160' title='bbox 545 3450 556 3481; x_wconf 89' lang='lat'>‚</span> <span class='ocrx_word' id='word_1_161' title='bbox 580 3397 615 3470; x_wconf 72' lang='grc' dir='ltr'><strong>ἃ</strong></span> <span class='ocrx_word' id='word_1_162' title='bbox 642 3394 824 3494; x_wconf 86' lang='lat' dir='ltr'>spiritualis</span> <span class='ocrx_word' id='word_1_163' title='bbox 856 3394 1056 3470; x_wconf 84' lang='lat' dir='ltr'>medicina,</span> <span class='ocrx_word' id='word_1_164' title='bbox 1083 3393 1277 3470; x_wconf 84' lang='lat' dir='ltr'>secundnm</span> <span class='ocrx_word' id='word_1_165' title='bbox 1321 3392 1414 3471; x_wconf 71' lang='lat' dir='ltr'>llud-</span> 
     </span>
     <span class='ocr_line' id='line_1_25' title="bbox 350 3488 1412 3588; baseline -0.008 -16"><span class='ocrx_word' id='word_1_166' title='bbox 350 3492 475 3572; x_wconf 88' lang='lat' dir='ltr'>Psalmi</span> <span class='ocrx_word' id='word_1_167' title='bbox 489 3511 572 3582; x_wconf 82' lang='lat'>103.</span> <span class='ocrx_word' id='word_1_168' title='bbox 600 3513 655 3584; x_wconf 86' lang='lat'>15.</span> <span class='ocrx_word' id='word_1_169' title='bbox 682 3496 727 3564; x_wconf 89' lang='lat' dir='ltr'>Ur</span> <span class='ocrx_word' id='word_1_170' title='bbox 743 3515 839 3587; x_wconf 75' lang='lat' dir='ltr'>panis</span> <span class='ocrx_word' id='word_1_171' title='bbox 860 3519 915 3562; x_wconf 89' lang='lat' dir='ltr'>cor</span> <span class='ocrx_word' id='word_1_172' title='bbox 938 3495 1078 3562; x_wconf 80' lang='lat' dir='ltr'>bominis</span> <span class='ocrx_word' id='word_1_173' title='bbox 1101 3488 1281 3580; x_wconf 77' lang='lat' dir='ltr'>confirmet.</span> <span class='ocrx_word' id='word_1_174' title='bbox 1307 3493 1412 3588; x_wconf 84' lang='lat' dir='ltr'>Qua·</span> 
     </span>
     <span class='ocr_line' id='line_1_26' title="bbox 355 3592 1413 3692; baseline 0.002 -23"><span class='ocrx_word' id='word_1_175' title='bbox 355 3609 459 3671; x_wconf 86' lang='lat' dir='ltr'>tenus</span> <span class='ocrx_word' id='word_1_176' title='bbox 476 3618 560 3669; x_wconf 89' lang='lat' dir='ltr'>vero</span> <span class='ocrx_word' id='word_1_177' title='bbox 577 3593 715 3692; x_wconf 82' lang='lat' dir='ltr'>signum</span> <span class='ocrx_word' id='word_1_178' title='bbox 730 3595 778 3670; x_wconf 84' lang='lat' dir='ltr'>est</span> <span class='ocrx_word' id='word_1_179' title='bbox 796 3592 958 3671; x_wconf 76' lang='lat' dir='ltr'>Pollionis</span> <span class='ocrx_word' id='word_1_180' title='bbox 973 3592 1101 3670; x_wconf 84' lang='lat' dir='ltr'>Christi</span> <span class='ocrx_word' id='word_1_181' title='bbox 1121 3616 1185 3690; x_wconf 87' lang='lat' dir='ltr'>per</span> <span class='ocrx_word' id='word_1_182' title='bbox 1206 3617 1313 3692; x_wconf 82' lang='lat' dir='ltr'>quam</span> <span class='ocrx_word' id='word_1_183' title='bbox 1330 3594 1413 3671; x_wconf 71' lang='lat' dir='ltr'>virtt-</span> 
     </span>
    </p>

    <p class='ocr_par' dir='ltr' id='par_1_14' title="bbox 351 3693 1411 3790">
     <span class='ocr_line' id='line_1_27' title="bbox 351 3693 1411 3790; baseline 0.002 -21"><span class='ocrx_word' id='word_1_184' title='bbox 351 3693 432 3769; x_wconf 86' lang='lat' dir='ltr'>sunt</span> <span class='ocrx_word' id='word_1_185' title='bbox 455 3695 661 3777; x_wconf 84' lang='lat' dir='ltr'>daemones,</span> <span class='ocrx_word' id='word_1_186' title='bbox 684 3695 889 3773; x_wconf 87' lang='lat' dir='ltr'>daemonum</span> <span class='ocrx_word' id='word_1_187' title='bbox 907 3696 1062 3790; x_wconf 89' lang='lat' dir='ltr'>impetus</span> <span class='ocrx_word' id='word_1_188' title='bbox 1079 3693 1226 3788; x_wconf 90' lang='lat' dir='ltr'>repellit.</span> <span class='ocrx_word' id='word_1_189' title='bbox 1254 3695 1411 3771; x_wconf 76' lang='lat' dir='ltr'>Antido-</span> 
     </span>
    </p>

    <p class='ocr_par' dir='ltr' id='par_1_15' title="bbox 351 3793 1409 3892">
     <span class='ocr_line' id='line_1_28' title="bbox 351 3793 1409 3892; baseline 0.002 -23"><span class='ocrx_word' id='word_1_190' title='bbox 351 3807 431 3869; x_wconf 90' lang='lat' dir='ltr'>tum</span> <span class='ocrx_word' id='word_1_191' title='bbox 450 3796 594 3889; x_wconf 86' lang='lat' dir='ltr'>quidem</span> <span class='ocrx_word' id='word_1_192' title='bbox 619 3796 668 3869; x_wconf 83' lang='lat' dir='ltr'>est</span> <span class='ocrx_word' id='word_1_193' title='bbox 686 3809 814 3870; x_wconf 91' lang='lat' dir='ltr'>contra</span> <span class='ocrx_word' id='word_1_194' title='bbox 837 3797 1023 3879; x_wconf 89' lang='lat' dir='ltr'>interiora,</span> <span class='ocrx_word' id='word_1_195' title='bbox 1046 3793 1297 3871; x_wconf 85' lang='lat' dir='ltr'>&amp;domestica</span> <span class='ocrx_word' id='word_1_196' title='bbox 1323 3816 1409 3892; x_wconf 59' lang='lat' dir='ltr'>pec*</span> 
     </span>
    </p>

    <p class='ocr_par' dir='ltr' id='par_1_16' title="bbox 352 3893 1408 3995">
     <span class='ocr_line' id='line_1_29' title="bbox 352 3893 1408 3995; baseline 0.004 -28"><span class='ocrx_word' id='word_1_197' title='bbox 352 3899 421 3969; x_wconf 91' lang='lat' dir='ltr'>cati</span> <span class='ocrx_word' id='word_1_198' title='bbox 437 3895 637 3974; x_wconf 86' lang='lat' dir='ltr'>incentiva,</span> <span class='ocrx_word' id='word_1_199' title='bbox 657 3909 830 3993; x_wconf 87' lang='lat' dir='ltr'>quatenus</span> <span class='ocrx_word' id='word_1_200' title='bbox 844 3910 951 3991; x_wconf 88' lang='lat' dir='ltr'>auget</span> <span class='ocrx_word' id='word_1_201' title='bbox 971 3893 1178 3971; x_wconf 84' lang='lat' dir='ltr'>charitatem</span> <span class='ocrx_word' id='word_1_202' title='bbox 1197 3917 1208 3986; x_wconf 90' lang='lat'>;</span> <span class='ocrx_word' id='word_1_203' title='bbox 1224 3897 1308 3995; x_wconf 84' lang='lat' dir='ltr'>quia</span> <span class='ocrx_word' id='word_1_204' title='bbox 1333 3898 1408 3982; x_wconf 81' lang='lat' dir='ltr'>(ut</span> 
     </span>
    </p>

    <p class='ocr_par' dir='ltr' id='par_1_17' title="bbox 351 3989 1408 4092">
     <span class='ocr_line' id='line_1_30' title="bbox 351 3989 1408 4092; baseline 0.001 -30"><span class='ocrx_word' id='word_1_205' title='bbox 351 4000 386 4074; x_wconf 74' lang='lat' dir='ltr'>S,</span> <span class='ocrx_word' id='word_1_206' title='bbox 400 3994 533 4084; x_wconf 73' lang='lat' dir='ltr'>Augullr</span> <span class='ocrx_word' id='word_1_207' title='bbox 545 3997 592 4070; x_wconf 87' lang='lat' dir='ltr'>ait</span> <span class='ocrx_word' id='word_1_208' title='bbox 605 3993 664 4070; x_wconf 88' lang='lat' dir='ltr'>lib.</span> <span class='ocrx_word' id='word_1_209' title='bbox 683 3990 910 4090; x_wconf 71' lang='lat' dir='ltr'>Qaessiouum</span> <span class='ocrx_word' id='word_1_210' title='bbox 925 3993 1097 4087; x_wconf 66' lang='lat' dir='ltr'>Oilogintae</span> <span class='ocrx_word' id='word_1_211' title='bbox 1108 3995 1211 4063; x_wconf 75' lang='lat' dir='ltr'>triurt‘r</span> <span class='ocrx_word' id='word_1_212' title='bbox 1223 4041 1235 4079; x_wconf 74' lang='grc'><strong><em>,</em></strong></span> <span class='ocrx_word' id='word_1_213' title='bbox 1247 4016 1308 4092; x_wconf 84' lang='lat' dir='ltr'>qu.</span> <span class='ocrx_word' id='word_1_214' title='bbox 1319 3989 1408 4083; x_wconf 76' lang='lat'>36.)</span> 
     </span>
    </p>

    <p class='ocr_par' dir='ltr' id='par_1_18' title="bbox 349 4091 1406 4191">
     <span class='ocr_line' id='line_1_31' title="bbox 349 4091 1406 4191; baseline 0 -22"><span class='ocrx_word' id='word_1_215' title='bbox 349 4142 373 4184; x_wconf 80' lang='lat'>‚,</span> <span class='ocrx_word' id='word_1_216' title='bbox 395 4091 583 4169; x_wconf 86' lang='lat' dir='ltr'>Charitatis</span> <span class='ocrx_word' id='word_1_217' title='bbox 608 4118 783 4172; x_wconf 83' lang='lat' dir='ltr'>venenum</span> <span class='ocrx_word' id='word_1_218' title='bbox 814 4095 864 4170; x_wconf 89' lang='lat' dir='ltr'>est</span> <span class='ocrx_word' id='word_1_219' title='bbox 889 4094 965 4188; x_wconf 81' lang='lat' dir='ltr'>spes</span> <span class='ocrx_word' id='word_1_220' title='bbox 987 4093 1318 4191; x_wconf 83' lang='lat' dir='ltr'>adipiscendorum,</span> <span class='ocrx_word' id='word_1_221' title='bbox 1343 4108 1406 4169; x_wconf 81' lang='lat' dir='ltr'>aut</span> 
     </span>
    </p>

    <p class='ocr_par' dir='ltr' id='par_1_19' title="bbox 349 4189 1406 4288">
     <span class='ocr_line' id='line_1_32' title="bbox 349 4189 1406 4288; baseline 0.001 -21"><span class='ocrx_word' id='word_1_222' title='bbox 349 4248 373 4285; x_wconf 80' lang='lat'><strong>„</strong></span> <span class='ocrx_word' id='word_1_223' title='bbox 394 4195 663 4269; x_wconf 84' lang='lat' dir='ltr'>retinendorum</span> <span class='ocrx_word' id='word_1_224' title='bbox 684 4189 948 4288; x_wconf 82' lang='lat' dir='ltr'>temporalium·</span> <span class='ocrx_word' id='word_1_225' title='bbox 978 4192 1250 4271; x_wconf 85' lang='lat' dir='ltr'>Nuttimentum</span> <span class='ocrx_word' id='word_1_226' title='bbox 1263 4195 1338 4286; x_wconf 79' lang='lat' dir='ltr'>ejus</span> <span class='ocrx_word' id='word_1_227' title='bbox 1353 4191 1406 4268; x_wconf 68' lang='lat' dir='ltr'>eli</span> 
     </span>
    </p>

    <p class='ocr_par' dir='ltr' id='par_1_20' title="bbox 349 4293 1403 4392">
     <span class='ocr_line' id='line_1_33' title="bbox 349 4293 1403 4392; baseline 0.001 -28"><span class='ocrx_word' id='word_1_228' title='bbox 349 4348 373 4383; x_wconf 88' lang='lat'>„</span> <span class='ocrx_word' id='word_1_229' title='bbox 392 4296 597 4369; x_wconf 85' lang='lat' dir='ltr'>imminutio</span> <span class='ocrx_word' id='word_1_230' title='bbox 610 4294 832 4391; x_wconf 84' lang='lat' dir='ltr'>cupiditatis3</span> <span class='ocrx_word' id='word_1_231' title='bbox 853 4294 1042 4392; x_wconf 72' lang='lat' dir='ltr'>perfeilio,</span> <span class='ocrx_word' id='word_1_232' title='bbox 1064 4293 1157 4370; x_wconf 89' lang='lat' dir='ltr'>nulla</span> <span class='ocrx_word' id='word_1_233' title='bbox 1174 4294 1347 4389; x_wconf 86' lang='lat' dir='ltr'>cupiditas</span> <span class='ocrx_word' id='word_1_234' title='bbox 1365 4339 1403 4381; x_wconf 84' lang='lat'>„.</span> 
     </span>
    </p>

    <p class='ocr_par' dir='ltr' id='par_1_21' title="bbox 349 4388 1408 4593">
     <span class='ocr_line' id='line_1_34' title="bbox 349 4388 1408 4490; baseline 0.007 -32"><span class='ocrx_word' id='word_1_235' title='bbox 349 4388 448 4468; x_wconf 86' lang='lat' dir='ltr'>Hinc</span> <span class='ocrx_word' id='word_1_236' title='bbox 472 4397 681 4463; x_wconf 75' lang='lat' dir='ltr'>Canticorum</span> <span class='ocrx_word' id='word_1_237' title='bbox 703 4417 734 4476; x_wconf 79' lang='grc' dir='ltr'>ι.</span> <span class='ocrx_word' id='word_1_238' title='bbox 764 4396 849 4470; x_wconf 90' lang='lat' dir='ltr'>dicit</span> <span class='ocrx_word' id='word_1_239' title='bbox 872 4392 1031 4490; x_wconf 80' lang='lat' dir='ltr'>Sponsa:</span> <span class='ocrx_word' id='word_1_240' title='bbox 1053 4392 1234 4478; x_wconf 72' lang='lat' dir='ltr'>fasciculus</span> <span class='ocrx_word' id='word_1_241' title='bbox 1256 4395 1408 4486; x_wconf 65' lang='lat' dir='ltr'>Myrrha</span> 
     </span>
     <span class='ocr_line' id='line_1_35' title="bbox 349 4492 1407 4593; baseline 0.012 -33"><span class='ocrx_word' id='word_1_242' title='bbox 349 4493 485 4560; x_wconf 69' lang='lat' dir='ltr'>dilectus</span> <span class='ocrx_word' id='word_1_243' title='bbox 496 4516 583 4561; x_wconf 83' lang='lat' dir='ltr'>meus</span> <span class='ocrx_word' id='word_1_244' title='bbox 604 4495 699 4576; x_wconf 78' lang='lat' dir='ltr'>mihi.</span> <span class='ocrx_word' id='word_1_245' title='bbox 727 4493 827 4571; x_wconf 87' lang='lat' dir='ltr'>Sicut</span> <span class='ocrx_word' id='word_1_246' title='bbox 842 4500 938 4570; x_wconf 88' lang='lat' dir='ltr'>enim</span> <span class='ocrx_word' id='word_1_247' title='bbox 954 4492 1101 4593; x_wconf 87' lang='lat' dir='ltr'>Myrrha</span> <span class='ocrx_word' id='word_1_248' title='bbox 1123 4492 1233 4568; x_wconf 79' lang='lat' dir='ltr'>servat</span> <span class='ocrx_word' id='word_1_249' title='bbox 1249 4510 1407 4588; x_wconf 69' lang='lat' dir='ltr'>corpora</span> 
     </span>
    </p>

    <p class='ocr_par' dir='ltr' id='par_1_22' title="bbox 349 4589 1607 4893">
     <span class='ocr_line' id='line_1_36' title="bbox 349 4589 1407 4691; baseline 0.002 -25"><span class='ocrx_word' id='word_1_250' title='bbox 349 4614 369 4666; x_wconf 85' lang='lat' dir='ltr'>a</span> <span class='ocrx_word' id='word_1_251' title='bbox 390 4593 567 4670; x_wconf 86' lang='lat' dir='ltr'>vermibus</span> <span class='ocrx_word' id='word_1_252' title='bbox 587 4596 815 4690; x_wconf 87' lang='lat' dir='ltr'>incorrupta,</span> <span class='ocrx_word' id='word_1_253' title='bbox 835 4592 882 4670; x_wconf 84' lang='lat' dir='ltr'>fic</span> <span class='ocrx_word' id='word_1_254' title='bbox 905 4593 1050 4691; x_wconf 86' lang='lat' dir='ltr'>Corpus</span> <span class='ocrx_word' id='word_1_255' title='bbox 1068 4592 1196 4671; x_wconf 86' lang='lat' dir='ltr'>Christi</span> <span class='ocrx_word' id='word_1_256' title='bbox 1216 4591 1326 4670; x_wconf 87' lang='lat' dir='ltr'>corda</span> <span class='ocrx_word' id='word_1_257' title='bbox 1350 4589 1407 4668; x_wconf 84' lang='lat' dir='ltr'>Fi·</span> 
     </span>
     <span class='ocr_line' id='line_1_37' title="bbox 349 4691 1607 4794; baseline 0.002 -30"><span class='ocrx_word' id='word_1_258' title='bbox 349 4693 482 4768; x_wconf 89' lang='lat' dir='ltr'>delium</span> <span class='ocrx_word' id='word_1_259' title='bbox 502 4695 649 4791; x_wconf 89' lang='lat' dir='ltr'>aptavls</span> <span class='ocrx_word' id='word_1_260' title='bbox 675 4696 952 4792; x_wconf 87' lang='lat' dir='ltr'>cogitationibus</span> <span class='ocrx_word' id='word_1_261' title='bbox 976 4694 1097 4775; x_wconf 77' lang='lat' dir='ltr'>illaria:</span> <span class='ocrx_word' id='word_1_262' title='bbox 1115 4696 1196 4794; x_wconf 90' lang='lat' dir='ltr'>quia</span> <span class='ocrx_word' id='word_1_263' title='bbox 1216 4715 1299 4770; x_wconf 91' lang='lat' dir='ltr'>cum</span> <span class='ocrx_word' id='word_1_264' title='bbox 1319 4691 1407 4768; x_wconf 80' lang='lat' dir='ltr'>dile·</span> <span class='ocrx_word' id='word_1_265' title='bbox 1502 4738 1505 4745; x_wconf 78' lang='lat'>,</span> <span class='ocrx_word' id='word_1_266' title='bbox 1544 4718 1547 4727; x_wconf 94' lang='lat'><em>·</em></span> <span class='ocrx_word' id='word_1_267' title='bbox 1582 4691 1607 4711; x_wconf 89' lang='lat'>&#39;&#39;</span> 
     </span>
     <span class='ocr_line' id='line_1_38' title="bbox 349 4791 1405 4893; baseline 0.005 -28"><span class='ocrx_word' id='word_1_268' title='bbox 349 4791 445 4866; x_wconf 72' lang='lat' dir='ltr'>ilum</span> <span class='ocrx_word' id='word_1_269' title='bbox 468 4791 670 4870; x_wconf 89' lang='lat' dir='ltr'>Dominum</span> <span class='ocrx_word' id='word_1_270' title='bbox 689 4793 916 4893; x_wconf 85' lang='lat' dir='ltr'>suscipimus,</span> <span class='ocrx_word' id='word_1_271' title='bbox 939 4793 964 4870; x_wconf 88' lang='lat' dir='ltr'>ll</span> <span class='ocrx_word' id='word_1_272' title='bbox 991 4793 1193 4872; x_wconf 82' lang='lat' dir='ltr'>fasciculum</span> <span class='ocrx_word' id='word_1_273' title='bbox 1219 4791 1405 4892; x_wconf 77' lang='lat' dir='ltr'>Myrrha,</span> 
     </span>
    </p>

    <p class='ocr_par' dir='ltr' id='par_1_23' title="bbox 346 4890 1407 4994">
     <span class='ocr_line' id='line_1_39' title="bbox 346 4890 1407 4994; baseline 0.004 -27"><span class='ocrx_word' id='word_1_274' title='bbox 346 4891 386 4967; x_wconf 79' lang='lat' dir='ltr'>cd</span> <span class='ocrx_word' id='word_1_275' title='bbox 404 4893 472 4980; x_wconf 84' lang='lat' dir='ltr'>est,</span> <span class='ocrx_word' id='word_1_276' title='bbox 494 4890 768 4975; x_wconf 76' lang='lat' dir='ltr'>amumdineu</span> <span class='ocrx_word' id='word_1_277' title='bbox 784 4891 960 4981; x_wconf 65' lang='lat' dir='ltr'>intimo</span> <span class='ocrx_word' id='word_1_278' title='bbox 978 4897 1054 4994; x_wconf 65' lang='lat'>‘5²¹⁸</span> <span class='ocrx_word' id='word_1_279' title='bbox 1080 4895 1139 4994; x_wconf 81' lang='lat' dir='ltr'>pia</span> <span class='ocrx_word' id='word_1_280' title='bbox 1163 4910 1286 4972; x_wconf 83' lang='lat' dir='ltr'>mente</span> <span class='ocrx_word' id='word_1_281' title='bbox 1302 4900 1407 4992; x_wconf 77' lang='lat' dir='ltr'>cogi-</span> 
     </span>
    </p>

    <p class='ocr_par' dir='ltr' id='par_1_24' title="bbox 849 5009 1355 5082">
     <span class='ocr_line' id='line_1_40' title="bbox 849 5009 1355 5082; baseline -0.01 -7"><span class='ocrx_word' id='word_1_282' title='bbox 849 5066 857 5075; x_wconf 94' lang='lat'><em>.</em></span> <span class='ocrx_word' id='word_1_283' title='bbox 1216 5009 1355 5082; x_wconf 65' lang='lat' dir='ltr'>umus,</span> 
     </span>
    </p>
   </div>
   <div class='ocr_carea' id='block_1_7' title="bbox 1570 5122 1647 5139">
    <p class='ocr_par' dir='ltr' id='par_1_25' title="bbox 1570 5122 1647 5139">
     <span class='ocr_line' id='line_1_41' title="bbox 1570 5122 1647 5139; baseline 0 0"><span class='ocrx_word' id='word_1_284' title='bbox 1570 5122 1647 5139; x_wconf 62' lang='lat' dir='ltr'>l-</span> 
     </span>
    </p>
   </div>
   <div class='ocr_carea' id='block_1_8' title="bbox 0 0 1950 6434">
    <p class='ocr_par' dir='ltr' id='par_1_26' title="bbox 0 0 1950 6434">
     <span class='ocr_line' id='line_1_42' title="bbox 0 0 1950 6434; baseline 0 2"><span class='ocrx_word' id='word_1_285' title='bbox 0 0 1950 6434; x_wconf 95' lang='lat' dir='ltr'> </span> 
     </span>
    </p>
   </div>
  </div>
 </body>
</html>
