<?xml version="1.0" encoding="UTF-8"?>
<!DOCTYPE html PUBLIC "-//W3C//DTD XHTML 1.0 Transitional//EN"
    "http://www.w3.org/TR/xhtml1/DTD/xhtml1-transitional.dtd">
<html xmlns="http://www.w3.org/1999/xhtml" xml:lang="en" lang="en">
 <head>
  <title>
</title>
<meta http-equiv="Content-Type" content="text/html;charset=utf-8" />
  <meta name='ocr-system' content='tesseract 3.04.00' />
  <meta name='ocr-capabilities' content='ocr_page ocr_carea ocr_par ocr_line ocrx_word'/>
</head>
<body>
  <div class='ocr_page' id='page_1' title='image "./theologiadogmat03alexgoog_0317.png"; bbox 0 0 3892 6434; ppageno 0'>
   <div class='ocr_carea' id='block_1_1' title="bbox 361 877 1606 1029">
    <p class='ocr_par' dir='ltr' id='par_1_1' title="bbox 361 877 1606 1029">
     <span class='ocr_line' id='line_1_1' title="bbox 361 877 1606 1029; baseline -0.009 -15"><span class='ocrx_word' id='word_1_1' title='bbox 361 877 364 891; x_wconf 23' lang='grc' dir='ltr'><strong>ι</strong></span> <span class='ocrx_word' id='word_1_2' title='bbox 497 921 576 1029; x_wconf 81' lang='lat' dir='ltr'><strong>,De</strong></span> <span class='ocrx_word' id='word_1_3' title='bbox 602 919 871 1026; x_wconf 75' lang='lat' dir='ltr'><strong>Sacramento</strong></span> <span class='ocrx_word' id='word_1_4' title='bbox 898 913 1175 1015; x_wconf 64' lang='lat' dir='ltr'><strong>uramara</strong></span> <span class='ocrx_word' id='word_1_5' title='bbox 1293 937 1370 1027; x_wconf 85' lang='lat'><strong>341</strong></span> <span class='ocrx_word' id='word_1_6' title='bbox 1511 998 1514 1011; x_wconf 81' lang='grc'>,</span> <span class='ocrx_word' id='word_1_7' title='bbox 1602 993 1606 1003; x_wconf 95' lang='grc'>.</span> 
     </span>
    </p>
   </div>
   <div class='ocr_carea' id='block_1_2' title="bbox 312 1089 1662 4677">
    <p class='ocr_par' dir='ltr' id='par_1_2' title="bbox 312 1089 1662 4588">
     <span class='ocr_line' id='line_1_2' title="bbox 316 1089 1540 1190; baseline -0.008 -15"><span class='ocrx_word' id='word_1_8' title='bbox 316 1089 475 1175; x_wconf 78' lang='lat' dir='ltr'><strong>haeresnn</strong></span> <span class='ocrx_word' id='word_1_9' title='bbox 500 1091 595 1171; x_wconf 88' lang='lat' dir='ltr'><strong>suam</strong></span> <span class='ocrx_word' id='word_1_10' title='bbox 617 1092 829 1190; x_wconf 82' lang='lat' dir='ltr'><strong>tegendam,</strong></span> <span class='ocrx_word' id='word_1_11' title='bbox 845 1090 890 1174; x_wconf 88' lang='lat' dir='ltr'><strong>ad</strong></span> <span class='ocrx_word' id='word_1_12' title='bbox 911 1089 1220 1171; x_wconf 79' lang='lat' dir='ltr'><strong>communionem</strong></span> <span class='ocrx_word' id='word_1_13' title='bbox 1238 1090 1372 1184; x_wconf 86' lang='lat' dir='ltr'><strong>irrepe-</strong></span> <span class='ocrx_word' id='word_1_14' title='bbox 1486 1123 1489 1129; x_wconf 96' lang='lat'>·</span> <span class='ocrx_word' id='word_1_15' title='bbox 1533 1124 1540 1142; x_wconf 59' lang='lat' dir='ltr'><em>v</em></span> 
     </span>
     <span class='ocr_line' id='line_1_3' title="bbox 315 1189 1539 1290; baseline -0.006 -20"><span class='ocrx_word' id='word_1_16' title='bbox 315 1196 403 1271; x_wconf 87' lang='lat' dir='ltr'><strong>bant</strong></span> <span class='ocrx_word' id='word_1_17' title='bbox 423 1216 507 1271; x_wconf 89' lang='lat' dir='ltr'><strong>cum</strong></span> <span class='ocrx_word' id='word_1_18' title='bbox 528 1190 744 1280; x_wconf 80' lang='lat' dir='ltr'><strong>Catholicis,</strong></span> <span class='ocrx_word' id='word_1_19' title='bbox 764 1194 801 1268; x_wconf 90' lang='lat'>&amp;</span> <span class='ocrx_word' id='word_1_20' title='bbox 825 1189 972 1290; x_wconf 82' lang='lat' dir='ltr'><strong>Corpus&#39;</strong></span> <span class='ocrx_word' id='word_1_21' title='bbox 988 1189 1116 1275; x_wconf 83' lang='lat' dir='ltr'><strong>Christi</strong></span> <span class='ocrx_word' id='word_1_22' title='bbox 1137 1190 1198 1269; x_wconf 86' lang='lat' dir='ltr'><strong>sub</strong></span> <span class='ocrx_word' id='word_1_23' title='bbox 1217 1203 1293 1268; x_wconf 84' lang='lat' dir='ltr'><strong>‘uua</strong></span> <span class='ocrx_word' id='word_1_24' title='bbox 1306 1211 1410 1286; x_wconf 75' lang='lat' dir='ltr'><strong>pa·›-</strong></span> <span class='ocrx_word' id='word_1_25' title='bbox 1535 1202 1539 1213; x_wconf 94' lang='grc'><em>·</em></span> 
     </span>
     <span class='ocr_line' id='line_1_4' title="bbox 312 1289 1370 1392; baseline -0.007 -21"><span class='ocrx_word' id='word_1_26' title='bbox 312 1298 369 1372; x_wconf 86' lang='lat' dir='ltr'><strong>nis</strong></span> <span class='ocrx_word' id='word_1_27' title='bbox 396 1292 740 1392; x_wconf 82' lang='lat' dir='ltr'><strong>speciesumebant..</strong></span> <span class='ocrx_word' id='word_1_28' title='bbox 762 1292 870 1387; x_wconf 81' lang='lat' dir='ltr'><strong>Quos</strong></span> <span class='ocrx_word' id='word_1_29' title='bbox 894 1292 968 1370; x_wconf 91' lang='lat' dir='ltr'><strong>hoc</strong></span> <span class='ocrx_word' id='word_1_30' title='bbox 1000 1290 1139 1376; x_wconf 87' lang='lat' dir='ltr'><strong>indicio</strong></span> <span class='ocrx_word' id='word_1_31' title='bbox 1164 1289 1370 1373; x_wconf 74' lang='lat' dir='ltr'><strong>manifestor</strong></span> 
     </span>
     <span class='ocr_line' id='line_1_5' title="bbox 314 1389 1509 1490; baseline -0.004 -18"><span class='ocrx_word' id='word_1_32' title='bbox 314 1394 352 1472; x_wconf 87' lang='lat' dir='ltr'><strong>S.</strong></span> <span class='ocrx_word' id='word_1_33' title='bbox 368 1390 443 1470; x_wconf 90' lang='lat' dir='ltr'><strong>Leo</strong></span> <span class='ocrx_word' id='word_1_34' title='bbox 463 1417 484 1477; x_wconf 90' lang='lat' dir='ltr'><strong>a</strong></span> <span class='ocrx_word' id='word_1_35' title='bbox 505 1389 677 1473; x_wconf 82' lang='lat' dir='ltr'><strong>Fideiium</strong></span> <span class='ocrx_word' id='word_1_36' title='bbox 689 1393 854 1470; x_wconf 85' lang='lat' dir='ltr'><strong>societate</strong></span> <span class='ocrx_word' id='word_1_37' title='bbox 873 1391 958 1490; x_wconf 89' lang='lat' dir='ltr'><strong>pelli</strong></span> <span class='ocrx_word' id='word_1_38' title='bbox 977 1389 1093 1487; x_wconf 74' lang='lat' dir='ltr'><strong>justit,</strong></span> <span class='ocrx_word' id='word_1_39' title='bbox 1110 1406 1152 1469; x_wconf 92' lang='lat' dir='ltr'><strong>ut</strong></span> <span class='ocrx_word' id='word_1_40' title='bbox 1168 1391 1367 1476; x_wconf 65' lang='lat' dir='ltr'><strong>constaret</strong></span> <span class='ocrx_word' id='word_1_41' title='bbox 1396 1457 1399 1465; x_wconf 92' lang='lat'><em>.</em></span> <span class='ocrx_word' id='word_1_42' title='bbox 1504 1468 1509 1479; x_wconf 63' lang='grc'><strong>,,</strong></span> 
     </span>
     <span class='ocr_line' id='line_1_6' title="bbox 314 1489 1365 1592; baseline -0.012 -21"><span class='ocrx_word' id='word_1_43' title='bbox 314 1495 406 1571; x_wconf 82' lang='lat' dir='ltr'><strong>iliius</strong></span> <span class='ocrx_word' id='word_1_44' title='bbox 430 1492 504 1569; x_wconf 79' lang='lat' dir='ltr'><strong>Ser·</strong></span> <span class='ocrx_word' id='word_1_45' title='bbox 513 1513 550 1585; x_wconf 87' lang='lat'><strong>4.</strong></span> <span class='ocrx_word' id='word_1_46' title='bbox 571 1493 616 1571; x_wconf 89' lang='lat' dir='ltr'><strong>de</strong></span> <span class='ocrx_word' id='word_1_47' title='bbox 631 1490 920 1590; x_wconf 84' lang='lat' dir='ltr'><strong>Quadragefima·</strong></span> <span class='ocrx_word' id='word_1_48' title='bbox 943 1547 1001 1584; x_wconf 82' lang='lat'><strong>„„</strong></span> <span class='ocrx_word' id='word_1_49' title='bbox 1028 1489 1218 1592; x_wconf 80' lang='lat' dir='ltr'>Cumque,</span> <span class='ocrx_word' id='word_1_50' title='bbox 1232 1491 1365 1584; x_wconf 80' lang='lat' dir='ltr'><strong>iuquit,</strong></span> 
     </span>
     <span class='ocr_line' id='line_1_7' title="bbox 314 1589 1496 1672; baseline -0.007 -1"><span class='ocrx_word' id='word_1_51' title='bbox 314 1592 361 1671; x_wconf 91' lang='lat' dir='ltr'><strong>ad</strong></span> <span class='ocrx_word' id='word_1_52' title='bbox 382 1608 416 1668; x_wconf 90' lang='lat' dir='ltr'><strong>te</strong></span> <span class='ocrx_word' id='word_1_53' title='bbox 444 1592 571 1669; x_wconf 86' lang='lat' dir='ltr'><strong>endam</strong></span> <span class='ocrx_word' id='word_1_54' title='bbox 597 1592 840 1671; x_wconf 81' lang='lat' dir='ltr'><strong>infidelitatem</strong></span> <span class='ocrx_word' id='word_1_55' title='bbox 863 1593 958 1669; x_wconf 87' lang='lat' dir='ltr'><strong>suam</strong></span> <span class='ocrx_word' id='word_1_56' title='bbox 983 1592 1109 1668; x_wconf 81' lang='lat' dir='ltr'><strong>nostrie</strong></span> <span class='ocrx_word' id='word_1_57' title='bbox 1130 1589 1283 1672; x_wconf 79' lang='lat' dir='ltr'>audeant</span> <span class='ocrx_word' id='word_1_58' title='bbox 1309 1589 1365 1670; x_wconf 86' lang='lat' dir='ltr'><strong>in·</strong></span> <span class='ocrx_word' id='word_1_59' title='bbox 1494 1623 1496 1629; x_wconf 95' lang='lat'>·</span> 
     </span>
     <span class='ocr_line' id='line_1_8' title="bbox 316 1617 1362 1793; baseline -0.007 -20"><span class='ocrx_word' id='word_1_60' title='bbox 316 1617 1362 1793; x_wconf 53' lang='lat' dir='ltr'><strong>tereffffuiysteriisiuinsacramentorumcommuntoue</strong></span> 
     </span>
     <span class='ocr_line' id='line_1_9' title="bbox 313 1791 1360 1892; baseline -0.005 -22"><span class='ocrx_word' id='word_1_61' title='bbox 313 1791 349 1870; x_wconf 83' lang='lat' dir='ltr'><strong>se</strong></span> <span class='ocrx_word' id='word_1_62' title='bbox 371 1805 594 1889; x_wconf 86' lang='lat' dir='ltr'><strong>temperant,</strong></span> <span class='ocrx_word' id='word_1_63' title='bbox 619 1809 659 1872; x_wconf 90' lang='lat' dir='ltr'><strong>ut</strong></span> <span class='ocrx_word' id='word_1_64' title='bbox 680 1793 858 1871; x_wconf 90' lang='lat' dir='ltr'><strong>interdum</strong></span> <span class='ocrx_word' id='word_1_65' title='bbox 874 1813 948 1879; x_wconf 81' lang='lat' dir='ltr'><strong>,ue</strong></span> <span class='ocrx_word' id='word_1_66' title='bbox 977 1795 1118 1892; x_wconf 80' lang='lat' dir='ltr'><strong>penitus</strong></span> <span class='ocrx_word' id='word_1_67' title='bbox 1146 1791 1252 1868; x_wconf 80' lang='lat' dir='ltr'><strong>latere</strong></span> <span class='ocrx_word' id='word_1_68' title='bbox 1282 1809 1360 1865; x_wconf 84' lang='lat' dir='ltr'><strong>nom</strong></span> 
     </span>
     <span class='ocr_line' id='line_1_10' title="bbox 314 1883 1360 1992; baseline -0.004 -24"><span class='ocrx_word' id='word_1_69' title='bbox 314 1889 449 1992; x_wconf 82' lang='lat' dir='ltr'><strong>poffiut</strong></span> <span class='ocrx_word' id='word_1_70' title='bbox 465 1937 474 1968; x_wconf 72' lang='lat'><em>2</em></span> <span class='ocrx_word' id='word_1_71' title='bbox 493 1915 556 1970; x_wconf 91' lang='lat' dir='ltr'><strong>ore</strong></span> <span class='ocrx_word' id='word_1_72' title='bbox 576 1893 728 1990; x_wconf 86' lang='lat' dir='ltr'><strong>indiguo</strong></span> <span class='ocrx_word' id='word_1_73' title='bbox 747 1894 875 1973; x_wconf 79' lang='lat' dir='ltr'><strong>curisti</strong></span> <span class='ocrx_word' id='word_1_74' title='bbox 897 1891 973 1970; x_wconf 90' lang='lat' dir='ltr'><strong>Cor</strong></span> <span class='ocrx_word' id='word_1_75' title='bbox 1001 1917 1040 1970; x_wconf 87' lang='lat' dir='ltr'><strong>us</strong></span> <span class='ocrx_word' id='word_1_76' title='bbox 1061 1893 1245 1990; x_wconf 82' lang='lat' dir='ltr'><strong>accipiant.</strong></span> <span class='ocrx_word' id='word_1_77' title='bbox 1271 1883 1360 1965; x_wconf 88' lang='lat' dir='ltr'><strong>San·</strong></span> 
     </span>
     <span class='ocr_line' id='line_1_11' title="bbox 314 1990 1434 2098; baseline -0.006 -28"><span class='ocrx_word' id='word_1_78' title='bbox 314 1995 465 2089; x_wconf 78' lang='lat' dir='ltr'><strong>guinem</strong></span> <span class='ocrx_word' id='word_1_79' title='bbox 485 2007 606 2070; x_wconf 90' lang='lat' dir='ltr'><strong>autem</strong></span> <span class='ocrx_word' id='word_1_80' title='bbox 630 1994 885 2098; x_wconf 78' lang='lat' dir='ltr'>redemptionis</span> <span class='ocrx_word' id='word_1_81' title='bbox 905 2017 955 2070; x_wconf 86' lang='lat' dir='ltr'><strong>uo</strong></span> <span class='ocrx_word' id='word_1_82' title='bbox 987 2016 1032 2082; x_wconf 81' lang='lat' dir='ltr'><strong>rae</strong></span> <span class='ocrx_word' id='word_1_83' title='bbox 1050 1990 1192 2071; x_wconf 87' lang='lat' dir='ltr'><strong>haurire</strong></span> <span class='ocrx_word' id='word_1_84' title='bbox 1203 1991 1358 2066; x_wconf 88' lang='lat' dir='ltr'><strong>omnino</strong></span> <span class='ocrx_word' id='word_1_85' title='bbox 1425 1991 1434 2016; x_wconf 81' lang='grc'><strong>”</strong></span> 
     </span>
     <span class='ocr_line' id='line_1_12' title="bbox 316 2089 1360 2188; baseline -0.001 -20"><span class='ocrx_word' id='word_1_86' title='bbox 316 2092 506 2170; x_wconf 82' lang='lat' dir='ltr'><strong>declinant.</strong></span> <span class='ocrx_word' id='word_1_87' title='bbox 536 2089 651 2188; x_wconf 90' lang='lat' dir='ltr'><strong>Quod</strong></span> <span class='ocrx_word' id='word_1_88' title='bbox 676 2093 759 2170; x_wconf 86' lang='lat' dir='ltr'><strong>ideo</strong></span> <span class='ocrx_word' id='word_1_89' title='bbox 779 2095 898 2172; x_wconf 74' lang='lat' dir='ltr'><strong>vestrae</strong></span> <span class='ocrx_word' id='word_1_90' title='bbox 921 2107 1052 2170; x_wconf 89' lang='lat' dir='ltr'><strong>notum</strong></span> <span class='ocrx_word' id='word_1_91' title='bbox 1069 2091 1216 2168; x_wconf 81' lang='lat' dir='ltr'><strong>facimus</strong></span> <span class='ocrx_word' id='word_1_92' title='bbox 1237 2089 1360 2167; x_wconf 67' lang='lat' dir='ltr'><strong>saneti·</strong></span> 
     </span>
     <span class='ocr_line' id='line_1_13' title="bbox 315 2188 1359 2288; baseline -0.005 -19"><span class='ocrx_word' id='word_1_93' title='bbox 315 2194 380 2269; x_wconf 83' lang='lat' dir='ltr'><strong>tati</strong></span> <span class='ocrx_word' id='word_1_94' title='bbox 397 2246 408 2277; x_wconf 93' lang='lat'><strong>,</strong></span> <span class='ocrx_word' id='word_1_95' title='bbox 428 2209 468 2269; x_wconf 92' lang='lat' dir='ltr'><strong>ut</strong></span> <span class='ocrx_word' id='word_1_96' title='bbox 495 2194 596 2268; x_wconf 84' lang='lat' dir='ltr'><strong>vobis</strong></span> <span class='ocrx_word' id='word_1_97' title='bbox 612 2191 856 2288; x_wconf 84' lang='lat' dir='ltr'><strong>hujuscemodi</strong></span> <span class='ocrx_word' id='word_1_98' title='bbox 878 2189 1065 2274; x_wconf 82' lang='lat' dir='ltr'><strong>homines,</strong></span> <span class='ocrx_word' id='word_1_99' title='bbox 1082 2193 1119 2268; x_wconf 69' lang='grc' dir='ltr'><strong>ἃ</strong></span> <span class='ocrx_word' id='word_1_100' title='bbox 1138 2189 1192 2267; x_wconf 87' lang='lat' dir='ltr'><strong>bis</strong></span> <span class='ocrx_word' id='word_1_101' title='bbox 1210 2188 1359 2267; x_wconf 84' lang='lat' dir='ltr'><strong>manife-</strong></span> 
     </span>
     <span class='ocr_line' id='line_1_14' title="bbox 315 2288 1473 2393; baseline -0.001 -28"><span class='ocrx_word' id='word_1_102' title='bbox 315 2291 451 2374; x_wconf 84' lang='lat' dir='ltr'><strong>stentur</strong></span> <span class='ocrx_word' id='word_1_103' title='bbox 474 2292 631 2379; x_wconf 87' lang='lat' dir='ltr'><strong>indiciis,</strong></span> <span class='ocrx_word' id='word_1_104' title='bbox 651 2293 687 2369; x_wconf 77' lang='grc' dir='ltr'><strong>δι</strong></span> <span class='ocrx_word' id='word_1_105' title='bbox 711 2316 867 2393; x_wconf 90' lang='lat' dir='ltr'><strong>quorum</strong></span> <span class='ocrx_word' id='word_1_106' title='bbox 892 2291 1104 2390; x_wconf 82' lang='lat' dir='ltr'><strong>deprehensa</strong></span> <span class='ocrx_word' id='word_1_107' title='bbox 1133 2290 1239 2368; x_wconf 81' lang='lat' dir='ltr'><strong>fuerit</strong></span> <span class='ocrx_word' id='word_1_108' title='bbox 1257 2288 1363 2367; x_wconf 80' lang='lat' dir='ltr'><strong>sacri·¹</strong></span> <span class='ocrx_word' id='word_1_109' title='bbox 1471 2290 1473 2295; x_wconf 81' lang='grc'><strong>’</strong></span> 
     </span>
     <span class='ocr_line' id='line_1_15' title="bbox 315 2390 1359 2488; baseline -0.003 -21"><span class='ocrx_word' id='word_1_110' title='bbox 315 2390 397 2488; x_wconf 84' lang='lat' dir='ltr'><strong>lega</strong></span> <span class='ocrx_word' id='word_1_111' title='bbox 412 2390 606 2480; x_wconf 77' lang='lat' dir='ltr'><strong>simulatio,</strong></span> <span class='ocrx_word' id='word_1_112' title='bbox 625 2390 867 2475; x_wconf 69' lang='lat' dir='ltr'><strong>aSautIorum</strong></span> <span class='ocrx_word' id='word_1_113' title='bbox 884 2391 1048 2474; x_wconf 82' lang='lat' dir='ltr'><strong>societate</strong></span> <span class='ocrx_word' id='word_1_114' title='bbox 1065 2390 1279 2476; x_wconf 87' lang='lat' dir='ltr'><strong>Sacerdoraii</strong></span> <span class='ocrx_word' id='word_1_115' title='bbox 1295 2411 1359 2466; x_wconf 91' lang='lat' dir='ltr'><strong>au·</strong></span> 
     </span>
     <span class='ocr_line' id='line_1_16' title="bbox 316 2484 1662 2592; baseline -0.008 -24"><span class='ocrx_word' id='word_1_116' title='bbox 316 2488 479 2569; x_wconf 68' lang='lat' dir='ltr'><strong>&amp;oritate</strong></span> <span class='ocrx_word' id='word_1_117' title='bbox 510 2490 682 2586; x_wconf 71' lang='lat' dir='ltr'><strong>pellantur</strong></span> <span class='ocrx_word' id='word_1_118' title='bbox 710 2549 733 2586; x_wconf 88' lang='grc'><strong>,,</strong></span> <span class='ocrx_word' id='word_1_119' title='bbox 749 2549 783 2586; x_wconf 85' lang='grc'><strong>,,.</strong></span> <span class='ocrx_word' id='word_1_120' title='bbox 811 2494 847 2570; x_wconf 85' lang='lat' dir='ltr'><strong>Si</strong></span> <span class='ocrx_word' id='word_1_121' title='bbox 872 2492 998 2573; x_wconf 83' lang='lat' dir='ltr'><strong>Romae</strong></span> <span class='ocrx_word' id='word_1_122' title='bbox 1022 2494 1127 2569; x_wconf 88' lang='lat' dir='ltr'><strong>libera</strong></span> <span class='ocrx_word' id='word_1_123' title='bbox 1151 2514 1227 2567; x_wconf 91' lang='lat' dir='ltr'><strong>nou</strong></span> <span class='ocrx_word' id='word_1_124' title='bbox 1249 2484 1562 2592; x_wconf 76' lang='lat' dir='ltr'><strong>fuiffebCommnnio</strong></span> <span class='ocrx_word' id='word_1_125' title='bbox 1611 2509 1621 2518; x_wconf 70' lang='grc'>’</span> <span class='ocrx_word' id='word_1_126' title='bbox 1656 2502 1662 2510; x_wconf 88' lang='grc'><em>·</em></span> 
     </span>
     <span class='ocr_line' id='line_1_17' title="bbox 317 2577 1564 2714; baseline -0.006 -44"><span class='ocrx_word' id='word_1_127' title='bbox 317 2589 541 2670; x_wconf 88' lang='lat' dir='ltr'><strong>Commuoio</strong></span> <span class='ocrx_word' id='word_1_128' title='bbox 559 2591 725 2672; x_wconf 79' lang='lat' dir='ltr'><strong>subtuna,</strong></span> <span class='ocrx_word' id='word_1_129' title='bbox 743 2592 797 2670; x_wconf 83' lang='lat' dir='ltr'><strong>vei</strong></span> <span class='ocrx_word' id='word_1_130' title='bbox 810 2594 871 2676; x_wconf 87' lang='lat' dir='ltr'><strong>sub</strong></span> <span class='ocrx_word' id='word_1_131' title='bbox 887 2608 1037 2691; x_wconf 87' lang='lat' dir='ltr'><strong>utraque</strong></span> <span class='ocrx_word' id='word_1_132' title='bbox 1053 2590 1188 2687; x_wconf 83' lang='lat' dir='ltr'><strong>specie,</strong></span> <span class='ocrx_word' id='word_1_133' title='bbox 1203 2611 1278 2665; x_wconf 90' lang='lat' dir='ltr'><strong>non</strong></span> <span class='ocrx_word' id='word_1_134' title='bbox 1293 2610 1360 2684; x_wconf 62' lang='lat' dir='ltr'><strong>pov</strong></span> <span class='ocrx_word' id='word_1_135' title='bbox 1382 2577 1434 2714; x_wconf 50' lang='lat' dir='ltr'><strong>suff</strong></span> <span class='ocrx_word' id='word_1_136' title='bbox 1468 2594 1529 2645; x_wconf 74' lang='lat'><strong>⁰¹¹³</strong></span> <span class='ocrx_word' id='word_1_137' title='bbox 1553 2615 1564 2646; x_wconf 89' lang='lat'><strong>·</strong></span> 
     </span>
     <span class='ocr_line' id='line_1_18' title="bbox 316 2666 1567 2792; baseline -0.005 -25"><span class='ocrx_word' id='word_1_138' title='bbox 316 2686 458 2769; x_wconf 80' lang='lat' dir='ltr'><strong>tuiiient</strong></span> <span class='ocrx_word' id='word_1_139' title='bbox 480 2688 554 2768; x_wconf 91' lang='lat' dir='ltr'><strong>ullo</strong></span> <span class='ocrx_word' id='word_1_140' title='bbox 574 2693 688 2768; x_wconf 92' lang='lat' dir='ltr'><strong>modo</strong></span> <span class='ocrx_word' id='word_1_141' title='bbox 708 2691 815 2791; x_wconf 81' lang='lat' dir='ltr'><strong>latere</strong></span> <span class='ocrx_word' id='word_1_142' title='bbox 832 2691 1022 2772; x_wconf 82' lang='lat' dir='ltr'><strong>Manichaei</strong></span> <span class='ocrx_word' id='word_1_143' title='bbox 1035 2747 1046 2778; x_wconf 80' lang='lat'><strong>,</strong></span> <span class='ocrx_word' id='word_1_144' title='bbox 1061 2695 1123 2792; x_wconf 92' lang='lat' dir='ltr'><strong>qui</strong></span> <span class='ocrx_word' id='word_1_145' title='bbox 1145 2691 1359 2784; x_wconf 86' lang='lat' dir='ltr'><strong>Sanguinem</strong></span> <span class='ocrx_word' id='word_1_146' title='bbox 1383 2666 1567 2792; x_wconf 52' lang='lat' dir='ltr'><strong>veecfflss</strong></span> 
     </span>
     <span class='ocr_line' id='line_1_19' title="bbox 317 2730 1474 2890; baseline 0.001 -23"><span class='ocrx_word' id='word_1_147' title='bbox 317 2786 473 2868; x_wconf 87' lang='lat' dir='ltr'><strong>Domini</strong></span> <span class='ocrx_word' id='word_1_148' title='bbox 492 2813 673 2890; x_wconf 90' lang='lat' dir='ltr'><strong>uunquam</strong></span> <span class='ocrx_word' id='word_1_149' title='bbox 690 2790 863 2871; x_wconf 76' lang='lat' dir='ltr'><strong>bibiffent</strong></span> <span class='ocrx_word' id='word_1_150' title='bbox 888 2792 1136 2889; x_wconf 82' lang='lat' dir='ltr'><strong>Quamobrem</strong></span> <span class='ocrx_word' id='word_1_151' title='bbox 1156 2796 1189 2861; x_wconf 80' lang='lat' dir='ltr'><strong>S.</strong></span> <span class='ocrx_word' id='word_1_152' title='bbox 1201 2794 1267 2858; x_wconf 81' lang='lat' dir='ltr'><strong>Leo</strong></span> <span class='ocrx_word' id='word_1_153' title='bbox 1286 2811 1359 2864; x_wconf 87' lang='lat' dir='ltr'><strong>non</strong></span> <span class='ocrx_word' id='word_1_154' title='bbox 1383 2730 1414 2868; x_wconf 52' lang='lat' dir='ltr'>ff</span> <span class='ocrx_word' id='word_1_155' title='bbox 1472 2793 1474 2798; x_wconf 82' lang='grc'><strong>’</strong></span> 
     </span>
     <span class='ocr_line' id='line_1_20' title="bbox 318 2883 1543 2995; baseline 0.003 -26"><span class='ocrx_word' id='word_1_156' title='bbox 318 2891 420 2990; x_wconf 86' lang='lat' dir='ltr'><strong>jubet</strong></span> <span class='ocrx_word' id='word_1_157' title='bbox 433 2889 605 2966; x_wconf 86' lang='lat' dir='ltr'><strong>observari</strong></span> <span class='ocrx_word' id='word_1_158' title='bbox 617 2915 698 2990; x_wconf 58' lang='lat' dir='ltr'><strong>eos,</strong></span> <span class='ocrx_word' id='word_1_159' title='bbox 718 2897 779 2995; x_wconf 89' lang='lat' dir='ltr'><strong>qui</strong></span> <span class='ocrx_word' id='word_1_160' title='bbox 793 2892 983 2993; x_wconf 78' lang='lat' dir='ltr'><strong>aliquando</strong></span> <span class='ocrx_word' id='word_1_161' title='bbox 995 2891 1209 2988; x_wconf 85' lang='lat' dir='ltr'><strong>Sanguinem</strong></span> <span class='ocrx_word' id='word_1_162' title='bbox 1224 2887 1361 2987; x_wconf 86' lang='lat' dir='ltr'><strong>redem-</strong></span> <span class='ocrx_word' id='word_1_163' title='bbox 1383 2883 1543 2972; x_wconf 58' lang='lat' dir='ltr'><strong>9⁶th</strong></span> 
     </span>
     <span class='ocr_line' id='line_1_21' title="bbox 320 2957 1485 3095; baseline 0.002 -27"><span class='ocrx_word' id='word_1_164' title='bbox 320 2990 453 3088; x_wconf 87' lang='lat' dir='ltr'><strong>ptionis</strong></span> <span class='ocrx_word' id='word_1_165' title='bbox 470 2990 597 3095; x_wconf 84' lang='lat' dir='ltr'><strong>nostrae</strong></span> <span class='ocrx_word' id='word_1_166' title='bbox 615 3015 693 3068; x_wconf 89' lang='lat' dir='ltr'><strong>non</strong></span> <span class='ocrx_word' id='word_1_167' title='bbox 704 2991 931 3076; x_wconf 79' lang='lat' dir='ltr'><strong>hauriebant,</strong></span> <span class='ocrx_word' id='word_1_168' title='bbox 948 2992 1139 3088; x_wconf 86' lang='lat' dir='ltr'><strong>aliquando</strong></span> <span class='ocrx_word' id='word_1_169' title='bbox 1159 2988 1259 3070; x_wconf 84' lang='lat' dir='ltr'><strong>ilium</strong></span> <span class='ocrx_word' id='word_1_170' title='bbox 1276 2987 1366 3069; x_wconf 56' lang='lat' dir='ltr'><strong>haus</strong></span> <span class='ocrx_word' id='word_1_171' title='bbox 1384 2957 1485 3025; x_wconf 54' lang='lat' dir='ltr'><strong>hm·</strong></span> 
     </span>
     <span class='ocr_line' id='line_1_22' title="bbox 318 3088 1364 3189; baseline -0.002 -22"><span class='ocrx_word' id='word_1_172' title='bbox 318 3091 486 3170; x_wconf 71' lang='lat' dir='ltr'><strong>mebant,</strong></span> <span class='ocrx_word' id='word_1_173' title='bbox 507 3088 565 3166; x_wconf 82' lang='lat' dir='ltr'><strong>sed</strong></span> <span class='ocrx_word' id='word_1_174' title='bbox 592 3095 654 3189; x_wconf 85' lang='lat' dir='ltr'><strong>qui</strong></span> <span class='ocrx_word' id='word_1_175' title='bbox 675 3091 772 3169; x_wconf 85' lang='lat' dir='ltr'><strong>iilum</strong></span> <span class='ocrx_word' id='word_1_176' title='bbox 794 3092 932 3179; x_wconf 77' lang='lat' dir='ltr'><strong>haurire</strong></span> <span class='ocrx_word' id='word_1_177' title='bbox 959 3095 1112 3174; x_wconf 85' lang='lat' dir='ltr'><strong>omnino</strong></span> <span class='ocrx_word' id='word_1_178' title='bbox 1140 3088 1364 3165; x_wconf 79' lang='lat' dir='ltr'><strong>declinabant</strong></span> 
     </span>
     <span class='ocr_line' id='line_1_23' title="bbox 319 3186 1366 3289; baseline -0.006 -21"><span class='ocrx_word' id='word_1_179' title='bbox 319 3187 477 3268; x_wconf 73' lang='lat' dir='ltr'><strong>affetiata</strong></span> <span class='ocrx_word' id='word_1_180' title='bbox 496 3188 629 3269; x_wconf 85' lang='lat' dir='ltr'><strong>fraude·</strong></span> <span class='ocrx_word' id='word_1_181' title='bbox 655 3189 745 3271; x_wconf 90' lang='lat' dir='ltr'><strong>Tam</strong></span> <span class='ocrx_word' id='word_1_182' title='bbox 762 3198 923 3289; x_wconf 83' lang='lat' dir='ltr'><strong>pertinax</strong></span> <span class='ocrx_word' id='word_1_183' title='bbox 942 3190 1226 3278; x_wconf 73' lang='lat' dir='ltr'><strong>Manichaeurum</strong></span> <span class='ocrx_word' id='word_1_184' title='bbox 1247 3186 1366 3286; x_wconf 85' lang='lat' dir='ltr'><strong>super·</strong></span> 
     </span>
     <span class='ocr_line' id='line_1_24' title="bbox 318 3287 1367 3391; baseline -0.005 -22"><span class='ocrx_word' id='word_1_185' title='bbox 318 3291 414 3369; x_wconf 80' lang='lat' dir='ltr'><strong>stitio</strong></span> <span class='ocrx_word' id='word_1_186' title='bbox 428 3287 629 3379; x_wconf 76' lang='lat' dir='ltr'><strong>Geiaftuml.</strong></span> <span class='ocrx_word' id='word_1_187' title='bbox 651 3292 813 3391; x_wconf 79' lang='lat' dir='ltr'><strong>impulit,</strong></span> <span class='ocrx_word' id='word_1_188' title='bbox 827 3308 867 3376; x_wconf 86' lang='lat' dir='ltr'><strong>ut</strong></span> <span class='ocrx_word' id='word_1_189' title='bbox 880 3287 1367 3370; x_wconf 84' lang='lat' dir='ltr'><strong>Commuuiouemsubutra-</strong></span> 
     </span>
     <span class='ocr_line' id='line_1_25' title="bbox 321 3386 1367 3566; baseline -0.001 -98"><span class='ocrx_word' id='word_1_190' title='bbox 321 3415 393 3566; x_wconf 53' lang='lat' dir='ltr'><strong>gne</strong></span> <span class='ocrx_word' id='word_1_191' title='bbox 413 3389 527 3564; x_wconf 56' lang='lat' dir='ltr'><strong>{pacm</strong></span> <span class='ocrx_word' id='word_1_192' title='bbox 548 3413 617 3489; x_wconf 91' lang='lat' dir='ltr'><strong>pro</strong></span> <span class='ocrx_word' id='word_1_193' title='bbox 648 3407 811 3495; x_wconf 87' lang='lat' dir='ltr'><strong>tempore</strong></span> <span class='ocrx_word' id='word_1_194' title='bbox 836 3397 1028 3491; x_wconf 84' lang='lat' dir='ltr'><strong>imperaret</strong></span> <span class='ocrx_word' id='word_1_195' title='bbox 1052 3392 1105 3469; x_wconf 87' lang='lat' dir='ltr'><strong>ad.</strong></span> <span class='ocrx_word' id='word_1_196' title='bbox 1124 3413 1252 3472; x_wconf 87' lang='lat' dir='ltr'><strong>eorum</strong></span> <span class='ocrx_word' id='word_1_197' title='bbox 1272 3386 1367 3467; x_wconf 81' lang='lat' dir='ltr'><strong>frau-</strong></span> 
     </span>
     <span class='ocr_line' id='line_1_26' title="bbox 315 3484 1367 3586; baseline -0.004 -20"><span class='ocrx_word' id='word_1_198' title='bbox 315 3571 318 3577; x_wconf 70' lang='grc'>,</span> <span class='ocrx_word' id='word_1_199' title='bbox 349 3514 405 3566; x_wconf 86' lang='lat' dir='ltr'><strong>em</strong></span> <span class='ocrx_word' id='word_1_200' title='bbox 443 3491 653 3586; x_wconf 86' lang='lat' dir='ltr'><strong>etegendam</strong></span> <span class='ocrx_word' id='word_1_201' title='bbox 667 3547 678 3579; x_wconf 83' lang='lat'><strong>.</strong></span> <span class='ocrx_word' id='word_1_202' title='bbox 693 3493 1044 3580; x_wconf 72' lang='lat' dir='ltr'><strong>utconstatercillius‘</strong></span> <span class='ocrx_word' id='word_1_203' title='bbox 1063 3489 1245 3575; x_wconf 77' lang='lat' dir='ltr'><strong>Deorum,</strong></span> <span class='ocrx_word' id='word_1_204' title='bbox 1262 3484 1367 3585; x_wconf 89' lang='lat' dir='ltr'><strong>quod</strong></span> 
     </span>
     <span class='ocr_line' id='line_1_27' title="bbox 320 3587 1367 3687; baseline -0.009 -17"><span class='ocrx_word' id='word_1_205' title='bbox 320 3589 450 3687; x_wconf 87' lang='lat' dir='ltr'><strong>legitur</strong></span> <span class='ocrx_word' id='word_1_206' title='bbox 462 3612 538 3666; x_wconf 89' lang='lat' dir='ltr'><strong>cau.</strong></span> <span class='ocrx_word' id='word_1_207' title='bbox 565 3595 804 3686; x_wconf 78' lang='lat' dir='ltr'><strong>Comperimus,</strong></span> <span class='ocrx_word' id='word_1_208' title='bbox 822 3592 898 3669; x_wconf 85' lang='lat' dir='ltr'><strong>dist·</strong></span> <span class='ocrx_word' id='word_1_209' title='bbox 910 3614 942 3684; x_wconf 83' lang='lat'><strong>3.</strong></span> <span class='ocrx_word' id='word_1_210' title='bbox 965 3599 1002 3662; x_wconf 83' lang='lat' dir='ltr'><strong>de</strong></span> <span class='ocrx_word' id='word_1_211' title='bbox 1016 3596 1160 3674; x_wconf 76' lang='lat' dir='ltr'><strong>coulecr.</strong></span> <span class='ocrx_word' id='word_1_212' title='bbox 1175 3591 1275 3685; x_wconf 83' lang='lat' dir='ltr'><strong>cujus</strong></span> <span class='ocrx_word' id='word_1_213' title='bbox 1290 3587 1367 3672; x_wconf 75' lang='lat' dir='ltr'><strong>haec</strong></span> 
     </span>
     <span class='ocr_line' id='line_1_28' title="bbox 323 3687 1367 3795; baseline -0.004 -27"><span class='ocrx_word' id='word_1_214' title='bbox 323 3691 545 3770; x_wconf 78' lang='lat' dir='ltr'><strong>suntverbaa</strong></span> <span class='ocrx_word' id='word_1_215' title='bbox 567 3745 625 3783; x_wconf 76' lang='lat'><strong>„„</strong></span> <span class='ocrx_word' id='word_1_216' title='bbox 654 3688 928 3787; x_wconf 76' lang='lat' dir='ltr'><strong>Comperimus,</strong></span> <span class='ocrx_word' id='word_1_217' title='bbox 947 3693 1047 3795; x_wconf 88' lang='lat' dir='ltr'><strong>quod</strong></span> <span class='ocrx_word' id='word_1_218' title='bbox 1071 3691 1215 3790; x_wconf 86' lang='lat' dir='ltr'><strong>quidam</strong></span> <span class='ocrx_word' id='word_1_219' title='bbox 1227 3687 1367 3784; x_wconf 87' lang='lat' dir='ltr'><strong>sumpta</strong></span> 
     </span>
     <span class='ocr_line' id='line_1_29' title="bbox 322 3786 1369 3892; baseline -0.004 -26"><span class='ocrx_word' id='word_1_220' title='bbox 322 3788 578 3866; x_wconf 85' lang='lat' dir='ltr'><strong>tantummodo</strong></span> <span class='ocrx_word' id='word_1_221' title='bbox 594 3790 767 3889; x_wconf 81' lang='lat' dir='ltr'><strong>Corporis</strong></span> <span class='ocrx_word' id='word_1_222' title='bbox 786 3795 954 3892; x_wconf 88' lang='lat' dir='ltr'><strong>portione</strong></span> <span class='ocrx_word' id='word_1_223' title='bbox 966 3815 1008 3878; x_wconf 90' lang='lat' dir='ltr'><strong>,a</strong></span> <span class='ocrx_word' id='word_1_224' title='bbox 1023 3792 1130 3875; x_wconf 81' lang='lat' dir='ltr'><strong>calice</strong></span> <span class='ocrx_word' id='word_1_225' title='bbox 1151 3790 1232 3871; x_wconf 81' lang='lat' dir='ltr'><strong>sacri</strong></span> <span class='ocrx_word' id='word_1_226' title='bbox 1250 3786 1369 3866; x_wconf 86' lang='lat' dir='ltr'><strong>Cruo-</strong></span> 
     </span>
     <span class='ocr_line' id='line_1_30' title="bbox 322 3886 1371 3998; baseline 0 -34"><span class='ocrx_word' id='word_1_227' title='bbox 322 3892 370 3965; x_wconf 80' lang='lat' dir='ltr'><strong>rir</strong></span> <span class='ocrx_word' id='word_1_228' title='bbox 391 3889 601 3977; x_wconf 85' lang='lat' dir='ltr'><strong>abstineant.</strong></span> <span class='ocrx_word' id='word_1_229' title='bbox 622 3893 683 3990; x_wconf 91' lang='lat' dir='ltr'><strong>qui</strong></span> <span class='ocrx_word' id='word_1_230' title='bbox 698 3892 959 3988; x_wconf 83' lang='lat' dir='ltr'><strong>proculdubio,</strong></span> <span class='ocrx_word' id='word_1_231' title='bbox 975 3894 1146 3998; x_wconf 86' lang='lat' dir='ltr'><strong>quoniam</strong></span> <span class='ocrx_word' id='word_1_232' title='bbox 1166 3886 1284 3966; x_wconf 90' lang='lat' dir='ltr'><strong>nescio</strong></span> <span class='ocrx_word' id='word_1_233' title='bbox 1299 3908 1371 3984; x_wconf 89' lang='lat' dir='ltr'><strong>qua</strong></span> 
     </span>
     <span class='ocr_line' id='line_1_31' title="bbox 323 3985 1371 4106; baseline -0.006 -39"><span class='ocrx_word' id='word_1_234' title='bbox 323 3987 568 4085; x_wconf 83' lang='lat' dir='ltr'><strong>superstitione</strong></span> <span class='ocrx_word' id='word_1_235' title='bbox 591 3990 768 4072; x_wconf 90' lang='lat' dir='ltr'><strong>docentur</strong></span> <span class='ocrx_word' id='word_1_236' title='bbox 797 3993 969 4106; x_wconf 80' lang='lat' dir='ltr'><strong>obstringi</strong></span> <span class='ocrx_word' id='word_1_237' title='bbox 984 4011 1068 4073; x_wconf 78' lang='lat' dir='ltr'><strong>‚aut</strong></span> <span class='ocrx_word' id='word_1_238' title='bbox 1085 3993 1222 4085; x_wconf 85' lang='lat' dir='ltr'><strong>integra</strong></span> <span class='ocrx_word' id='word_1_239' title='bbox 1250 3985 1371 4070; x_wconf 70' lang='lat' dir='ltr'><strong>Sacra·</strong></span> 
     </span>
     <span class='ocr_line' id='line_1_32' title="bbox 323 4084 1371 4188; baseline -0.005 -23"><span class='ocrx_word' id='word_1_240' title='bbox 323 4105 444 4165; x_wconf 89' lang='lat' dir='ltr'><strong>menta</strong></span> <span class='ocrx_word' id='word_1_241' title='bbox 456 4090 747 4188; x_wconf 84' lang='lat' dir='ltr'><strong>percipiant‚aut</strong></span> <span class='ocrx_word' id='word_1_242' title='bbox 760 4092 803 4167; x_wconf 85' lang='lat' dir='ltr'><strong>ab</strong></span> <span class='ocrx_word' id='word_1_243' title='bbox 824 4094 970 4188; x_wconf 79' lang='lat' dir='ltr'><strong>integris</strong></span> <span class='ocrx_word' id='word_1_244' title='bbox 985 4107 1194 4176; x_wconf 83' lang='lat' dir='ltr'><strong>arceantur,</strong></span> <span class='ocrx_word' id='word_1_245' title='bbox 1218 4090 1300 4186; x_wconf 90' lang='lat' dir='ltr'><strong>quia</strong></span> <span class='ocrx_word' id='word_1_246' title='bbox 1318 4084 1371 4164; x_wconf 86' lang='lat' dir='ltr'><strong>di·</strong></span> 
     </span>
     <span class='ocr_line' id='line_1_33' title="bbox 323 4184 1410 4290; baseline -0.008 -24"><span class='ocrx_word' id='word_1_247' title='bbox 323 4186 412 4266; x_wconf 76' lang='lat' dir='ltr'><strong>visio</strong></span> <span class='ocrx_word' id='word_1_248' title='bbox 434 4191 556 4278; x_wconf 71' lang='lat' dir='ltr'><strong>unius,</strong></span> <span class='ocrx_word' id='word_1_249' title='bbox 572 4189 797 4289; x_wconf 77' lang='lat' dir='ltr'><strong>ejusdemque</strong></span> <span class='ocrx_word' id='word_1_250' title='bbox 818 4190 976 4290; x_wconf 80' lang='lat' dir='ltr'><strong>Mysterii</strong></span> <span class='ocrx_word' id='word_1_251' title='bbox 996 4189 1067 4266; x_wconf 87' lang='lat' dir='ltr'><strong>fine</strong></span> <span class='ocrx_word' id='word_1_252' title='bbox 1090 4189 1214 4288; x_wconf 83' lang='lat' dir='ltr'><strong>grandi</strong></span> <span class='ocrx_word' id='word_1_253' title='bbox 1239 4184 1373 4265; x_wconf 76' lang='lat' dir='ltr'><strong>sacrtle.</strong></span> <span class='ocrx_word' id='word_1_254' title='bbox 1407 4268 1410 4277; x_wconf 23' lang='lat'>¹</span> 
     </span>
     <span class='ocr_line' id='line_1_34' title="bbox 323 4285 1521 4488; baseline -0.005 -23"><span class='ocrx_word' id='word_1_255' title='bbox 323 4287 1143 4488; x_wconf 46' lang='lat' dir='ltr'><strong>beatitati?terrriiititt</strong></span> <span class='ocrx_word' id='word_1_256' title='bbox 1153 4285 1372 4483; x_wconf 55' lang='lat' dir='ltr'><strong>sitibit</strong></span> <span class='ocrx_word' id='word_1_257' title='bbox 1517 4338 1521 4356; x_wconf 82' lang='lat'>&#39;</span> 
     </span>
     <span class='ocr_line' id='line_1_35' title="bbox 324 4483 1238 4588; baseline -0.005 -22"><span class='ocrx_word' id='word_1_258' title='bbox 324 4485 448 4574; x_wconf 72' lang='lat' dir='ltr'><strong>Getasa</strong></span> <span class='ocrx_word' id='word_1_259' title='bbox 463 4491 494 4588; x_wconf 50' lang='lat' dir='ltr'><strong>lq</strong></span> <span class='ocrx_word' id='word_1_260' title='bbox 515 4483 714 4577; x_wconf 80' lang='lat' dir='ltr'><strong>Decretum</strong></span> <span class='ocrx_word' id='word_1_261' title='bbox 731 4495 768 4567; x_wconf 90' lang='lat' dir='ltr'><strong>in</strong></span> <span class='ocrx_word' id='word_1_262' title='bbox 795 4487 942 4567; x_wconf 77' lang='lat' dir='ltr'><strong>Ecclesia</strong></span> <span class='ocrx_word' id='word_1_263' title='bbox 966 4484 1064 4567; x_wconf 79' lang='lat' dir='ltr'><strong>fuisse</strong></span> <span class='ocrx_word' id='word_1_264' title='bbox 1082 4489 1238 4564; x_wconf 56' lang='lat' dir='ltr'><strong>liberam,</strong></span> 
     </span>
    </p>

    <p class='ocr_par' dir='ltr' id='par_1_3' title="bbox 377 4577 1649 4677">
     <span class='ocr_line' id='line_1_36' title="bbox 377 4577 1649 4677; baseline -0.012 -14"><span class='ocrx_word' id='word_1_265' title='bbox 377 4586 548 4677; x_wconf 84' lang='lat' dir='ltr'><strong>Probatur</strong></span> <span class='ocrx_word' id='word_1_266' title='bbox 572 4593 682 4667; x_wconf 89' lang='lat' dir='ltr'><strong>tertiu-</strong></span> <span class='ocrx_word' id='word_1_267' title='bbox 701 4589 780 4669; x_wconf 79' lang='lat' dir='ltr'><strong>usus</strong></span> <span class='ocrx_word' id='word_1_268' title='bbox 800 4590 1007 4671; x_wconf 78' lang='lat' dir='ltr'><strong>iiloreteris</strong></span> <span class='ocrx_word' id='word_1_269' title='bbox 1033 4583 1219 4672; x_wconf 81' lang='lat' dir='ltr'><strong>Eccleiiae,</strong></span> <span class='ocrx_word' id='word_1_270' title='bbox 1237 4577 1371 4661; x_wconf 83' lang='lat' dir='ltr'><strong>Euchr·</strong></span> <span class='ocrx_word' id='word_1_271' title='bbox 1396 4586 1489 4655; x_wconf 81' lang='lat' dir='ltr'><strong>Usum</strong></span> <span class='ocrx_word' id='word_1_272' title='bbox 1500 4597 1581 4649; x_wconf 77' lang='lat' dir='ltr'><strong>vere·</strong></span> <span class='ocrx_word' id='word_1_273' title='bbox 1645 4633 1649 4643; x_wconf 83' lang='lat'><em>.</em></span> 
     </span>
    </p>
   </div>
   <div class='ocr_carea' id='block_1_3' title="bbox 325 4662 1582 4804">
    <p class='ocr_par' dir='ltr' id='par_1_4' title="bbox 325 4662 1582 4804">
     <span class='ocr_line' id='line_1_37' title="bbox 325 4662 1582 4804; baseline -0.011 -41"><span class='ocrx_word' id='word_1_274' title='bbox 325 4687 456 4765; x_wconf 89' lang='lat' dir='ltr'><strong>ristiam</strong></span> <span class='ocrx_word' id='word_1_275' title='bbox 484 4686 659 4766; x_wconf 83' lang='lat' dir='ltr'><strong>Fidelibue</strong></span> <span class='ocrx_word' id='word_1_276' title='bbox 695 4689 757 4767; x_wconf 90' lang='lat' dir='ltr'><strong>sub</strong></span> <span class='ocrx_word' id='word_1_277' title='bbox 785 4713 854 4768; x_wconf 88' lang='lat' dir='ltr'><strong>una</strong></span> <span class='ocrx_word' id='word_1_278' title='bbox 881 4688 994 4785; x_wconf 84' lang='lat' dir='ltr'><strong>specie</strong></span> <span class='ocrx_word' id='word_1_279' title='bbox 1020 4687 1198 4765; x_wconf 86' lang='lat' dir='ltr'><strong>interdum</strong></span> <span class='ocrx_word' id='word_1_280' title='bbox 1224 4683 1372 4768; x_wconf 89' lang='lat' dir='ltr'><strong>admiui-</strong></span> <span class='ocrx_word' id='word_1_281' title='bbox 1392 4662 1582 4804; x_wconf 48' lang='lat' dir='ltr'><strong>{iffmsstsstcrlteffi</strong></span> 
     </span>
    </p>
   </div>
   <div class='ocr_carea' id='block_1_4' title="bbox 324 4783 1586 4993">
    <p class='ocr_par' dir='ltr' id='par_1_5' title="bbox 324 4783 1586 4993">
     <span class='ocr_line' id='line_1_38' title="bbox 324 4783 1586 4890; baseline -0.002 -26"><span class='ocrx_word' id='word_1_282' title='bbox 324 4787 480 4890; x_wconf 83' lang='lat' dir='ltr'><strong>strandi,</strong></span> <span class='ocrx_word' id='word_1_283' title='bbox 495 4786 545 4865; x_wconf 72' lang='lat' dir='ltr'><strong>&#39;ex&#39;</strong></span> <span class='ocrx_word' id='word_1_284' title='bbox 557 4787 826 4873; x_wconf 72' lang='lat' dir='ltr'><strong>commuuione</strong></span> <span class='ocrx_word' id='word_1_285' title='bbox 838 4786 1065 4887; x_wconf 84' lang='lat' dir='ltr'><strong>infirmorum</strong></span> <span class='ocrx_word' id='word_1_286' title='bbox 1083 4841 1101 4875; x_wconf 86' lang='lat'><strong>,.</strong></span> <span class='ocrx_word' id='word_1_287' title='bbox 1114 4783 1373 4887; x_wconf 81' lang='lat' dir='ltr'><strong>quibus-vulgo</strong></span> <span class='ocrx_word' id='word_1_288' title='bbox 1394 4814 1586 4889; x_wconf 72' lang='lat' dir='ltr'><strong>difiuelibur</strong></span> 
     </span>
     <span class='ocr_line' id='line_1_39' title="bbox 325 4883 1374 4993; baseline -0.014 -22"><span class='ocrx_word' id='word_1_289' title='bbox 325 4886 471 4976; x_wconf 81' lang='lat' dir='ltr'><strong>suburra</strong></span> <span class='ocrx_word' id='word_1_290' title='bbox 501 4887 673 4993; x_wconf 70' lang='lat' dir='ltr'><strong>species.</strong></span> <span class='ocrx_word' id='word_1_291' title='bbox 688 4886 880 4971; x_wconf 85' lang='lat' dir='ltr'><strong>-Viaticuur</strong></span> <span class='ocrx_word' id='word_1_292' title='bbox 901 4891 1131 4982; x_wconf 78' lang='lat' dir='ltr'><strong>prabebatuu</strong></span> <span class='ocrx_word' id='word_1_293' title='bbox 1157 4885 1199 4968; x_wconf 83' lang='lat' dir='ltr'><strong>ia</strong></span> <span class='ocrx_word' id='word_1_294' title='bbox 1228 4883 1374 4967; x_wconf 77' lang='lat' dir='ltr'><strong>nrarrit&#39;e.</strong></span> 
     </span>
    </p>
   </div>
   <div class='ocr_carea' id='block_1_5' title="bbox 785 4980 1324 5080">
    <p class='ocr_par' dir='ltr' id='par_1_6' title="bbox 785 4980 1324 5080">
     <span class='ocr_line' id='line_1_40' title="bbox 785 4980 1324 5080; baseline -0.02 0"><span class='ocrx_word' id='word_1_295' title='bbox 785 4982 820 5071; x_wconf 84' lang='lat' dir='ltr'><strong>Y</strong></span> <span class='ocrx_word' id='word_1_296' title='bbox 843 4980 864 5080; x_wconf 67' lang='grc' dir='ltr'>ὲ</span> <span class='ocrx_word' id='word_1_297' title='bbox 1230 4983 1324 5073; x_wconf 81' lang='lat' dir='ltr'><strong>stum</strong></span> 
     </span>
    </p>
   </div>
   <div class='ocr_carea' id='block_1_6' title="bbox 0 0 1973 6434">
    <p class='ocr_par' dir='ltr' id='par_1_7' title="bbox 0 0 1973 6434">
     <span class='ocr_line' id='line_1_41' title="bbox 0 0 1973 6434; baseline 0 0"><span class='ocrx_word' id='word_1_298' title='bbox 0 0 1973 6434; x_wconf 95' lang='lat' dir='ltr'><strong> </strong></span> 
     </span>
    </p>
   </div>
   <div class='ocr_carea' id='block_1_7' title="bbox 1412 2801 1676 2866">
    <p class='ocr_par' dir='ltr' id='par_1_8' title="bbox 1412 2801 1676 2866">
     <span class='ocr_line' id='line_1_42' title="bbox 1412 2801 1676 2866; baseline -0.019 0"><span class='ocrx_word' id='word_1_299' title='bbox 1412 2803 1488 2866; x_wconf 83' lang='lat' dir='ltr'><strong>elafii</strong></span> <span class='ocrx_word' id='word_1_300' title='bbox 1510 2801 1537 2866; x_wconf 90' lang='lat' dir='ltr'><strong>l.</strong></span> <span class='ocrx_word' id='word_1_301' title='bbox 1670 2829 1676 2839; x_wconf 94' lang='lat'>·</span> 
     </span>
    </p>
   </div>
  </div>
 </body>
</html>
