3892 6434
480 879 550 1014 De
574 918 845 1013 'sacramento
872 872 1156 1016 Euehmsttoss'
1270 931 1346 1026 383
1392 897 1394 900 V

354 1089 523 1194 Denique
547 1117 632 1170 cum
660 1092 1135 1190 precipuumsacerdotun
1160 1091 1289 1174 munus
1309 1094 1351 1174 fit
1469 1132 1472 1138 Α

305 1195 434 1276 offerre
452 1192 623 1273 Sacrificio
634 1215 701 1291 pro
716 1197 867 1288 peccatis
887 1237 897 1271 2
919 1209 959 1270 ut
980 1194 1089 1270 docet
1103 1189 1353 1292 Apostolus'od

305 1299 415 1378 Hebr.
435 1317 471 1378 ς.’
497 1300 610 1366 Omnis
633 1289 786 1380 Pontifex
806 1315 848 1362 cx
871 1293 1053 1369 hominibus
1076 1293 1268 1387 affomprur,
1289 1319 1351 1388 pro

306 1395 490 1471 homnibus
517 1390 725 1474 constituitur
747 1396 786 1462 in
812 1397 860 1463 iis
876 1451 886 1481 ,
901 1416 968 1489 quae
984 1393 1062 1480 sunt
1090 1400 1132 1465 ad
1156 1400 1288 1472 Deum,
1312 1413 1352 1465 nr

306 1494 421 1588 offerat
451 1500 555 1580 dono,
574 1500 615 1565 εἴ]
635 1487 804 1578 Sacrificio
826 1514 885 1583 oro
909 1498 1049 1587 permit
1063 1524 1076 1574 ;
1092 1496 1129 1569 ἀ
1153 1510 1289 1572 certum
1308 1493 1351 1573 stt
1426 1544 1430 1552 .

306 1621 462 1698 perenne
475 1598 510 1670 in
525 1591 674 1671 Ecclesia
688 1590 902 1670 Sacrificium
915 1591 983 1670 effe
994 1592 1166 1691 Corporis
1176 1633 1190 1681 ν,
1208 1599 1243 1670 δι
1264 1595 1352 1672 Sans
1474 1620 1478 1629 ·

307 1702 426 1797 guinis
440 1695 588 1780 Christi,
606 1696 648 1769 ab
668 1693 818 1790 ipsomet
837 1713 971 1770 aetetno
993 1694 1184 1770 Sacerdote
1204 1719 1265 1791 per
1286 1698 1353 1770 mi-

306 1799 432 1873 nistros
456 1818 502 1871 ex
523 1795 725 1869 hominibus
747 1793 940 1891 adsumptos
965 1795 1149 1879 efflatum,
1174 1795 1260 1870 iilud
1283 1792 1352 1872 eff·
1472 1807 1476 1812 ’

306 1898 593 1996 propitiatorium
614 1893 832 1990 consequens
854 1895 913 1968 est.
939 1950 994 1986 ,‚„
1021 1892 1156 1969 Verum
1177 1898 1271 1969 enim
1289 1892 1353 1968 Sa-

306 1994 475 2073 crificium
494 1996 630 2087 (inquit
644 2000 677 2062 S.
688 1990 822 2086 August.
838 1994 942 2086 lib.4·
962 1980 1352 2086 deTrinirate,c.14.)
1406 2030 1408 2037 <
1464 2029 1467 2041 ·

305 2100 371 2173 rite
393 2095 512 2171 offerri
533 2116 594 2162 non
615 2088 739 2185 potest,
760 2091 819 2175 m'fi
841 2097 901 2169 uni
927 2117 1014 2169 vero
1043 2091 1126 2170 Deo
1143 2117 1206 2189 per
1231 2093 1352 2171 Sacer»

305 2195 430 2271 dotem
441 2192 667 2269 soritium&
678 2193 829 2285 justum3
847 2216 915 2268 nec
936 2192 999 2268 nifi
1012 2194 1056 2269 ab
1075 2196 1123 2268 eis
1138 2196 1348 2291 accipiatur.

305 2294 407 2393 quod
439 2291 609 2380 offertur,
635 2315 702 2387 pro
731 2293 859 2387 quibus
887 2291 1061 2379 offertur,
1085 2310 1192 2390 atque
1213 2292 1248 2367 id
1278 2292 1352 2369 fio·

306 2391 469 2474 vitione,
483 2407 600 2485 utpro
617 2390 745 2466 vitiofit
762 2389 973 2469 mundandis
988 2389 1092 2490 poffit
1107 2391 1238 2471 offerri.
1266 2389 1351 2470 Hoc

304 2509 402 2570 certe
427 2516 551 2568 omnes
576 2497 748 2590 cupiunt,
764 2494 824 2589 qui
850 2514 917 2589 pro
941 2493 972 2567 se
994 2492 1114 2568 offerri
1135 2488 1352 2568 Sacrificium

305 2591 393 2699 Deo
413 2592 549 2667 volunt.
579 2590 671 2684 Quis
689 2613 778 2688 ergo
792 2606 863 2666 tam
873 2591 982 2686 justus
1000 2592 1064 2669 ,ἃ
1083 2590 1215 2668 senous
1229 2591 1353 2667 Sacer·
1444 2672 1447 2680 ,

306 2692 374 2784 dos
388 2736 397 2766 2
412 2715 519 2790 quam
551 2696 674 2766 unicus
704 2689 809 2766 Filius
828 2688 924 2774 Dei,
947 2693 1007 2788 qui
1034 2714 1110 2766 non
1132 2713 1224 2788 opus
1245 2691 1358 2765 hobe·¹
1462 2758 1464 2761 ,

307 2806 362 2872 ret
390 2814 451 2889 per
473 2789 689 2866 Sacrificium
715 2789 771 2866 sua
795 2813 946 2886 purgare
963 2804 1130 2886 peccata,
1151 2813 1218 2866 nec
1243 2791 1355 2884 origi·

308 2891 407 2975 nale,
427 2890 712 2966 necexhomana
732 2892 824 2974 vito,
845 2912 924 2983 quae
935 2888 1098 2965 addunt?
1119 2885 1163 2965 Et
1180 2886 1264 2986 quid
1277 2903 1354 2976 tam

310 3005 551 3088 congruenter
572 2993 615 3064 ab
636 2988 842 3065 hominibus
866 2987 1079 3075 sumeretur,
1095 2989 1194 3087 quod
1216 3011 1284 3086 pro
1301 2993 1352 3063 eie

308 3089 499 3182 offeretur.¹
523 3112 630 3186 quom
653 3088 806 3165 humana
822 3087 932 3165 caro?
953 3085 995 3165 Et
1027 3090 1112 3188 quid
1134 3107 1205 3163 tam
1225 3105 1351 3184 aptum

308 3189 394 3264 huic
413 3189 649 3265 immolationi
667 3211 778 3364 guam
801 3210 885 3264 caro
905 3189 1087 3264 mortalis?
1103 3185 1148 3264 Et
1169 3188 1255 3287 quid
1277 3204 1365 3264 tamt

285 3303 287 3306 ’
308 3289 484 3366 mundum
498 3312 564 3384 pro
579 3313 664 3365 mun
693 3287 790 3363 andis
805 3290 893 3363 vitiis
907 3288 1135 3374 mortalium,
1155 3307 1262 3387 qoam
1280 3286 1353 3363 ione

309 3390 378 3465 ulla
399 3391 617 3485 contagione
638 3388 782 3464 carnalis
799 3388 1095 3482 concupiscentie
1114 3411 1198 3464 caro
1223 3388 1357 3468 natein

309 3489 491 3571 uter0,·&
512 3512 558 3563 ex
577 3503 680 3564 utero
703 3486 887 3584 virginali?
910 3485 955 3563 Et
972 3488 1061 3586 quid
1081 3502 1154 3562 tam
1178 3501 1276 3584 grate
1297 3485 1355 3562 osv·

309 3587 470 3674 ferm&
494 3586 614 3682 suscipi
637 3585 751 3683 posset
766 3608 894 3685 ,quam
920 3609 1005 3662 coro
1029 3586 1194 3663 Sacrificii
1220 3586 1355 3664 nostri·

308 3684 450 3783 Corpus
464 3685 626 3759 effectum
641 3686 839 3761 Sacerdotis
855 3688 963 3761 nostri
977 3689 993 3756 ἰ
1018 3686 1069 3765 Ut
1081 3689 1250 3780 quoniam
1266 3706 1354 3784 qua·

258 3836 262 3846 .
309 3802 393 3861 tuot
413 3783 725 3860 consideranturin
742 3788 842 3860 omni
856 3786 1058 3871 Sacrificio.
1081 3791 1139 3862 cui
1160 3784 1354 3871 offeratae,
1491 3855 1494 3861 ,

310 3909 331 3960 o
355 3906 430 3983 quo
458 3882 653 3969 offeratur,
683 3883 769 3981 quid
791 3882 990 3972 offeratur,
1008 3908 1076 3984 pro
1109 3889 1238 3982 quibus
1261 3882 1354 3960 offe·

312 4004 429 4067 ratur,
446 3982 540 4058 idem
563 3982 765 4076 ipsemet,
787 3983 958 4082 verusque
979 3985 1183 4070 Mediator.
1207 4005 1268 4080 per
1291 3983 1355 4060 Sa·

309 4082 481 4158 orificium
508 4085 604 4180 pacis
640 4082 868 4159 reconcilians
892 4107 957 4159 noe
987 4083 1099 4168 Deo,
1127 4106 1240 4160 unum
1266 4106 1352 4160 cum

308 4181 370 4259 ilto
394 4195 569 4265 maneret,
590 4186 649 4258 cui
667 4180 860 4268 offerebat,
877 4207 990 4260 unum
1013 4187 1049 4258 in
1064 4182 1096 4258 se
1109 4183 1259 4262 faceret.
1283 4204 1352 4278 pto

311 4286 441 4380 quibus
467 4280 657 4370 offerebat,
677 4305 768 4359 unus
794 4282 862 4378 ipse
887 4280 994 4369 edet,
1021 4287 1083 4380 qui
1104 4280 1352 4367 offerebam&

309 4383 411 4477 quod
433 4379 604 4457 offerebat
624 4410 647 4472 3,
661 4429 694 4473 „.
720 4379 826 4458 Unde
848 4395 996 4478 purgata
1011 4401 1073 4479 per
1091 4380 1264 4475 judicium
1285 4404 1354 4456 no·

309 4479 485 4556 viffimum
512 4478 682 4566 Ecclesia,
699 4482 747 4556 eis
797 4505 918 4577 noque
944 4485 1026 4579 igne
1046 4478 1244 4566 mundatio,
1274 4483 1355 4577 qui-

308 4582 374 4655 bos
395 4580 469 4656 talis
479 4578 667 4655 mundatio
688 4602 772 4657 nece
801 4585 866 4656 aria
887 4578 952 4656 est:
974 4636 1029 4673 ,‚„
1056 4579 1185 4657 Nullus
1198 4583 1351 4657 omnino

309 4685 394 4757 erit,
413 4680 474 4776 qui
493 4678 619 4754 offerat
630 4677 845 4768 Sacrificium
860 4702 926 4776 pro
949 4683 1100 4777 peccetis
1112 4679 1188 4757 suis·
1214 4677 1354 4765 Omnes

309 4784 430 4861 enim,
446 4781 508 4872 qui
535 4778 582 4854 fic
607 4776 792 4862 offerunt,
814 4779 973 4868 proferto
997 4783 1032 4854 io
1062 4782 1214 4876 peccatis
1252 4779 1364 4864 sunto*

308 4903 377 4977 pro
402 4881 529 4980 quibus
545 4877 763 4956 dimittendis
781 4875 958 4969 offerunt,
977 4892 1019 4962 ut
1036 4901 1120 4965 cunt
1138 4878 1353 4973 obtulerint,

1244 4993 1305 5055 aci
