3892 6434
1057 1000 1064 1013 Ι

1420 1028 1422 1035 ι

971 1036 974 1045 ι

413 1168 415 1175 ι

610 1281 664 1364 82
707 1281 718 1307 ‘
792 1175 1077 1374 Tlieol.Dog.‘
1093 1261 1135 1348 δι
1154 1256 1303 1391 Morab
1321 1260 1415 1352 Rib.
1443 1262 1501 1358 11.

608 1441 734 1529 Corpus
750 1452 875 1506 mrum:
893 1436 967 1502 Huc
982 1449 1166 1502 contentum
1181 1427 1242 1518 sub
1263 1433 1316 1503 bis
1330 1431 1492 1524 speciebus
1508 1431 1552 1516 eli
1572 1439 1661 1509 Con·

607 1554 669 1629 pus
694 1547 906 1618 meen3ruta
925 1528 1010 1609 erret
1026 1532 1259 1613 coniectatio.
1285 1529 1448 1612 Graviter
1471 1539 1653 1613 nibilomi-

607 1658 676 1712 nus
694 1645 856 1733 peccaret
867 1630 1060 1718 Sacerdos,
1078 1635 1140 1730 qui
1159 1631 1286 1708 Christi
1306 1636 1422 1708 verbis
1436 1638 1566 1729 uiiquid
1589 1639 1653 1712 ad.

607 1741 691 1810 dere
709 1732 940 1831 praei'umeret.
968 1729 1005 1806 Si
1019 1733 1098 1828 quis
1111 1733 1245 1809 diceret
1263 1732 1370 1807 :Ecce
1383 1739 1503 1828 carpus
1515 1733 1650 1830 meum'3

607 1832 797 1928 probabilis
813 1830 952 1906 videtur
971 1854 1048 1905 non
1060 1830 1370 1924 consecraturum
1385 1837 1464 1932 quia
1481 1839 1652 1929 mutatio·

606 1958 691 2010 nem
714 1929 969 2009 substantialem
989 1929 1067 2006 haec
1088 1932 1194 2006 verba
1209 1954 1283 2006 non
1310 1931 1506 2029 signifionnt
1519 1983 1529 2016 ,
1543 1938 1653 2010 adeo.

502 2037 505 2046 '
607 2057 679 2129 que
698 2053 765 2106 uec
784 2030 878 2108 iilam
907 2046 1099 2127 operantur
1114 2055 1125 2122 ;
1141 2047 1202 2106 aut
1219 2046 1314 2106 certe
1326 2033 1429 2108 dubia
1444 2033 1537 2109 foret
1556 2058 1651 2111 con·

586 2135 753 2310 'gentio
769 2178 781 2215 ‚
799 2145 839 2208 ut
860 2132 908 2206 ait
938 2134 1074 2220 Syrvius
1104 2126 1192 2206 ioco
1226 2128 1328 2228 supra
1355 2131 1530 2220 laudato,
1554 2156 1651 2234 quar·

634 2246 674 2310 to
699 2247 732 2301 1·
1607 2252 1611 2259 ’

776 2294 1391 2452 ’·κεςυιΑνι’

528 2584 531 2592 .
607 2522 684 2685 Si
706 2521 877 2599 Sacerdos
891 2520 1133 2596 demonstrato
1146 2542 1236 2618 pane
1252 2520 1410 2598 diceret:
1436 2522 1510 2590 Hoc
1529 2516 1574 2599 eli
1588 2525 1652 2592 Ca·

690 2650 727 2692 ru
747 2647 841 2708 mea,
868 2619 1052 2697 verisimile
1072 2620 1145 2702 est,
1165 2621 1266 2715 quod
1280 2623 1547 2700 Sacramentum
1573 2647 1650 2698 non

603 2721 809 2814 conficeret.
835 2720 944 2814 Quia
965 2720 1128 2796 carm&
1157 2742 1288 2814 corpus
1312 2744 1387 2795 non
1415 2721 1647 2819 aequivalent,

604 2847 689 2900 cum
726 2845 859 2919 corpus
885 2820 1015 2919 aliquid
1037 2819 1186 2915 amplius
1209 2817 1381 2916 fignificet
1407 2841 1517 2916 quam
1551 2843 1651 2897 caro.

604 2922 641 2998 Si
672 2926 751 3022 quis
780 2944 867 2996 vero
894 2919 1054 3001 diceret:
1083 2924 1157 2988 Hoc
1184 2920 1227 2994 eri
1252 2925 1374 3010 Corpus
1397 2916 1542 3006 cirilli,
1571 2944 1650 2997 non

603 3024 845 3107 consecrarem
866 3036 942 3094 tum
955 3017 1207 3117 quiaChristus
1221 3015 1274 3090 his
1288 3020 1401 3092 verbis
1424 3041 1551 3114 panem
1571 3043 1650 3096 non

602 3121 840 3200 consecravit,
858 3134 918 3195 aut
938 3124 982 3193 ab
1007 3118 1203 3215 Apostoiis,
1228 3119 1265 3191 &
1286 3141 1410 3194 eorum
1433 3116 1647 3196 Successori·

481 3280 492 3291 .
601 3223 668 3299 bus
685 3218 878 3298 consecrari
900 3218 1077 3300 instituit3
1102 3233 1178 3292 turn
1206 3221 1287 3312 quia
1313 3219 1442 3293 modus
1473 3217 1649 3315 loquendi

602 3320 713 3417 longe
732 3318 882 3393 diversus
897 3320 956 3392 eii.
982 3314 1037 3392 Ex
1058 3315 1185 3392 Christi
1204 3319 1297 3390 enim
1316 3315 1460 3410 persona
1478 3318 1553 3392 haec
1570 3339 1649 3392 ver·

600 3420 645 3494 ba
668 3416 742 3494 non
767 3418 996 3515 proferuntur
1015 3413 1127 3492 ,sicut
1149 3415 1227 3509 illa:
1251 3415 1380 3495 Hrcesi
1393 3422 1514 3512 Corpus
1528 3440 1647 3490 meum.

599 3515 654 3596 lta
675 3518 771 3618 Sylr.
793 3517 871 3595 loo·
887 3516 960 3614 sup·
988 3516 1079 3595 laud.
1110 3535 1213 3612 qu03.

863 3670 898 3750 R
924 3669 953 3749 E·
976 3670 1070 3750 GU
1101 3669 1131 3746 L
1157 3673 1188 3751 A
1240 3669 1276 3746 V
1303 3669 1318 3747 Ι
1344 3669 1373 3748 Ι.

654 3833 664 3907 i
682 3829 814 3907 diceret
825 3826 1017 3906 Sacerdos:
1037 3827 1116 3897 Fiat
1127 3826 1184 3897 boc
1197 3833 1317 3919 Corpus
1330 3850 1456 3918 meam,
1469 3853 1543 3906 non
1555 3854 1646 3908 con.

557 4014 559 4020 s
670 3931 839 4014 sociaret,
861 3931 942 4027 quia
961 3926 1089 4004 Christi
1114 3928 1264 4004 Domini
1292 3931 1404 4005 verbis
1434 3957 1506 4006 non
1528 3950 1645 4006 utere-

596 4043 679 4121 tur;
703 4051 819 4127 neque
839 4029 933 4105 idem
957 4025 1040 4103 eiiet
1059 4027 1195 4114 ieni'us3
1219 4033 1409 4104 nonenim
1433 4031 1646 4124 significare·

596 4143 656 4207 tur
675 4129 883 4204 admirabilis
904 4127 1088 4202 conversio
1107 4127 1300 4204 substantiae
1317 4135 1413 4226 panis
1433 4133 1469 4204 in
1489 4127 1644 4204 subiban-

528 4282 532 4289 ·
595 4232 681 4306 tiam
706 4228 879 4323 Corporis
902 4226 1028 4303 Christi
1056 4227 1142 4304 india
1170 4231 1204 4302 vi
1234 4230 1423 4304 verborum
1442 4276 1452 4304 ‚
1474 4229 1566 4302 nnilu
1585 4233 1641 4302 in-

593 4328 763 4427 terpofita
782 4349 893 4403 mora.
924 4323 1090 4403 Potuiffet
1109 4329 1254 4423 quidem
1279 4327 1434 4403 Christus
1460 4324 1641 4403 Dominus

593 4430 646 4505 uti
665 4429 825 4511 sermone
848 4429 1079 4524 imperativo,
1109 4445 1149 4502 ut
1173 4426 1412 4501 admirabilem
1433 4424 1525 4499 iliam
1548 4450 1639 4501 con·

592 4525 1639 4620 verbonemoperaretor,dicendo:Fnrboccmpusmeumr

591 4625 682 4702 ficut
705 4630 741 4700 in
763 4625 916 4701 exordio
941 4627 1068 4700 mundi
1092 4626 1203 4699 dixit:
1232 4628 1309 4694 fiac
1328 4625 1388 4693 iux
1408 4681 1418 4710 ,
1437 4620 1502 4709 fior
1519 4623 1640 4710 firma.

591 4742 762 4818 mentum·;
782 4727 818 4799 &
841 4724 929 4801 ficut
949 4725 1146 4820 remorum,
1181 4728 1218 4798 de
1240 4724 1470 4824 paralyticum
1491 4725 1635 4805 sanans,

530 4874 532 4878 v
592 4825 629 4899 de
655 4823 829 4901 Lazarum
852 4826 896 4899 ad
923 4828 1030 4899 vitam
1058 4846 1252 4907 revocans,
1276 4826 1389 4899 dixit:
1418 4825 1524 4911 Volo,
1544 4850 1638 4895 man.

589 4929 677 4999 dare,
691 4979 724 5004 .,
749 4928 872 5018 surge,
894 4924 937 4995 (a
958 4919 1140 4997 ambula...
1170 4926 1326 5006 Lauare,
1346 4920 1425 4994 veni
1434 4921 1540 5013 faras.
1567 4926 1638 5002 Sed

588 5020 811 5104 indicativo,
835 5040 942 5120 arque
968 5025 1189 5099 enuntiativo
1216 5023 1378 5098 sermone
1402 5028 1453 5100 uri
1482 5026 1604 5100 maluit
1625 5052 1638 5119 ;

587 5133 667 5196 tum
684 5125 763 5218 quin
786 5122 842 5197 bic
859 5123 971 5198 sermo
987 5126 1098 5197 uerbis
1111 5126 1390 5216 praecedentibus
1410 5130 1524 5222 aptius
1545 5147 1637 5198 con-

589 5223 763 5316 gruebatr
791 5237 868 5302 tum
891 5247 937 5300 ne
959 5226 1179 5301 dubitaretur
1205 5223 1350 5318 probris
1383 5226 1636 5398 mysticisbyer-

1552 5345 1581 5397 n
