3892 6434
496 932 594 1022 .De
622 862 891 1020 Sacramenta
920 924 1196 1031 Eucharistiae.
1270 913 1275 924 ’
1314 949 1399 1037 531.
1526 1024 1529 1029 .

349 1104 478 1180 stamus
503 1157 513 1188 ,
550 1103 568 1189 (
591 1095 740 1196 inquit)
776 1100 822 1176 ad
847 1103 1082 1191 orationem,
1105 1103 1227 1181 fratres
1250 1100 1396 1185 dilectis.

350 1205 450 1286 limi,
485 1203 657 1300 vigilate,
686 1202 723 1277 ἃ
752 1203 957 1279 incumbere
977 1201 1022 1278 ad
1040 1226 1160 1302 preces
1180 1219 1263 1282 toto
1284 1205 1395 1282 cdrdn

351 1305 532 1403 debemus.
573 1301 758 1398 Cogitatio
790 1305 909 1378 omnis
952 1303 1123 1390 carnalis,
1161 1304 1395 1382 &iaculans

350 1404 531 1480 abscedat,
559 1401 839 1500 necquidquam
864 1418 951 1478 tunc
974 1407 1253 1501 animus‚quam
1278 1404 1314 1479 id
1339 1405 1357 1479 s
1378 1448 1397 1471 ·

352 1502 426 1580 lum
457 1505 593 1597 cogitet
623 1502 727 1600 quod
747 1516 921 1600 pretatur·
957 1499 1045 1578 ideo
1067 1505 1104 1579 δι
1127 1502 1298 1582 Sacerdos
1311 1522 1393 1586 ante
1460 1585 1464 1594 ,

351 1607 553 1678 orationem
603 1600 809 1678 Proelatione
850 1599 1019 1699 ptaemilla
1053 1639 1065 1687 2
1101 1619 1199 1700 parat
1244 1603 1395 1682 fratrum

350 1717 488 1778 tnentt's
520 1701 711 1783 ‚dicendo
735 1726 743 1776 :
764 1701 894 1788 Sursum
921 1706 1038 1788 carde,
1074 1721 1114 1779 ut
1136 1702 1223 1780 dum
1251 1702 1398 1800 respon.

353 1804 414 1878 det
445 1803 543 1899 plebs
569 1816 578 1876 t
608 1799 774 1872 Habemus
796 1806 837 1870 aa
851 1805 1054 1879 Dominum,
1079 1800 1313 1879 admoneatur
1341 1804 1396 1877 ni·

351 1902 400 1978 hil
432 1904 525 1977 aliud
554 1902 588 1977 le
612 1925 719 2000 quarn
750 1899 954 1980 Dominum
987 1906 1146 1999 cogitare
1173 1902 1301 1978 debere
1322 1950 1393 1992 „,‚.

351 2000 522 2079 Meminit
544 2008 577 2081 S.
608 2004 748 2093 cyrillus
778 2006 1121 2093 Hierosolymiranur,
1152 1998 1333 2078 catechesi
1361 2021 1395 2090 ς.

349 2099 612 2201 Myltagogicat
638 2157 660 2194 „
676 2099 851 2192 „Clamat
874 2102 1037 2196 (inquit)
1055 2102 1247 2187 Sacerdos,
1261 2102 1396 2183 sursum

349 2204 456 2293 eorda.
502 2199 637 2277 Verum
667 2205 760 2276 enim
779 2206 871 2300 circa
897 2202 991 2277 illam
1006 2205 1159 2279 maxime
1172 2200 1394 2279 tremendam

349 2299 474 2376 horam
504 2299 634 2397 sursum
660 2300 704 2376 ad
733 2300 854 2378 Deum
879 2301 987 2380 corda
1008 2302 1123 2379 levare
1154 2298 1288 2380 necelle
1320 2301 1392 2386 est.

348 2402 386 2475 δι
418 2424 492 2476 ηοη
519 2401 682 2478 deorsum
713 2402 757 2476 ad
773 2419 902 2477 terram
917 2417 1147 2501 ,terrenaque
1166 2404 1310 2496 negotii
1333 2400 1398 2475 de-

349 2502 512 2596 primere.
548 2495 588 2574 ln
612 2499 704 2577 hanc
733 2504 840 2597 igitur
868 2502 1075 2577 sententiam
1105 2502 1271 2594 omnibus
1305 2517 1397 2596 prae·

348 2603 435 2696 cipit
459 2599 658 2685 Sacerdos,
683 2623 783 2676 curas
818 2601 947 2677 scilicet
970 2604 1050 2676 vltae
1069 2600 1174 2697 hujus
1189 2623 1336 2682 omnes,
1356 2600 1397 2676 dt

348 2699 556 2776 domesticas
584 2698 821 2777 solicitudines
834 2700 890 2775 illa
907 2700 997 2777 hora
1020 2699 1217 2797 relinquere
1237 2749 1247 2781 ‚
1265 2700 1302 2775 δι
1328 2711 1395 2775 cor

348 2802 384 2873 in
397 2798 494 2875 coelo
509 2798 634 2876 babere
645 2800 739 2895 apud
753 2799 872 2876 Deum
909 2799 1390 2877 enetishumaniamatorem.

349 2895 428 2973 Vos
446 2899 573 2974 deinde
582 2898 818 2996 respondetis:
834 2823 1001 2970 rriiemm
1012 2903 1053 2969 ad
1065 2903 1266 2985 Dominum,
1284 2895 1396 2975 allen·

347 3002 472 3075 tientes
484 3002 514 3073 ei
532 2996 745 3096 profitendo.
775 2998 904 3076 Nullus
922 3014 1041 3078 autern
1060 2995 1107 3077 stc
1133 2998 1319 3076 confluat.
1352 3009 1395 3075 ut

348 3122 412 3174 ore
426 3100 570 3197 quidem
586 3099 699 3174 dicata
715 3098 881 3170 Habemus
894 3107 935 3168 aa
948 3104 1127 3170 Dominam
1143 3154 1154 3186 ‚
1172 3119 1290 3175 mente
1304 3117 1393 3194 vern

348 3201 439 3275 eirca
452 3197 645 3295 vitae'hujus
659 3221 757 3275 curas
769 3214 926 3298 vageturr
942 3198 1041 3277 Dicit
1053 3198 1181 3275 deinde
1193 3197 1388 3276 Sacerdosr

343 3297 489 3368 'Gratias
517 3284 649 3392 &arnus
669 3301 831 3372 Domino.
858 3302 963 3378 Certe
997 3303 1125 3396 gratlas
1157 3322 1260 3396 agere
1288 3296 1396 3372 debe

349 3420 458 3478 naus,
489 3398 589 3494 quod
612 3423 679 3475 nos
699 3397 790 3476 adeo
818 3403 986 3497 indignos
1009 3400 1053 3475 ad
1082 3414 1215 3474 tantam
1244 3399 1395 3495 gratiam

350 3500 505 3572 vocavit.
542 3499 598 3573 lld
620 3497 696 3575 haec
717 3524 781 3576 ros
805 3499 968 3596 subjicitis
987 3517 997 3578 t
1024 3502 1194 3593 Dignum,
1215 3504 1254 3570 (a
1269 3492 1395 3583 julium
1535 3533 1539 3546 ·

348 3594 404 3678 rst-
440 3596 534 3673 Cum
562 3602 657 3673 eninr
683 3622 748 3675 nos
772 3597 857 3676 Deo
885 3602 1011 3698 gratias
1047 3598 1212 3699 agimus,
1244 3597 1394 3717 dignum

352 3696 533 3793 profelim
555 3699 589 3772 dr
615 3698 745 3791 justum
773 3723 865 3796 opus
888 3703 1033 3776 iacimus
1061 3752 1129 3792 „‚,.
1166 3697 1335 3775 Meminit
1361 3701 1399 3767 S«

348 3794 627 3885 Joanaetryrtsr.
664 3794 775 3873 Hom.
798 3811 854 3873 18.
888 3803 924 3874 in
953 3797 1060 3894 Epist.
1083 3816 1120 3878 α.
1154 3798 1198 3900 ad
1226 3795 1393 3872 Corinth.

349 3943 372 3987 5,
387 3951 408 3985 „
435 3895 474 3971 ln
501 3894 691 3971 tremendis
723 3898 922 3995 mysteriis,
945 3897 1122 3991 (inquit)
1158 3912 1198 3972 ut
1222 3895 1397 3971 Sacerdos
1476 3913 1478 3917 ·

350 4019 417 4092 pro
440 3994 564 4093 plebe,
587 3993 654 4087 ipsa
676 3995 773 4090 plebs
800 4020 867 4092 pra
882 3996 1072 4072 Sacerdote
1093 4007 1177 4071 vota
1198 3995 1291 4069 lacit.
1321 3993 1395 4068 Ne·

350 4118 420 4191 que
440 4097 533 4168 enlm
556 4097 626 4189 ipl'e
640 4094 732 4170 solus
747 4096 873 4189 gratias
886 4099 958 4191 agit
973 4143 983 4173 2
1001 4096 1058 4170 led
1077 4099 1180 4170 etiam
1199 4094 1295 4190 plebs
1317 4095 1398 4169 uni-

350 4193 453 4269 versa.
478 4193 573 4268 Nam
601 4215 685 4269 cum
714 4200 809 4291 prius
832 4195 975 4271 illorum
1001 4218 1128 4270 vocem
1153 4191 1322 4285 sumpsit,
1345 4208 1397 4268 at⁴

350 4316 421 4390 que
440 4293 487 4368 illi
500 4292 709 4369 allenlerunt
725 4339 735 4369 ²
754 4295 789 4370 id
808 4296 916 4389 julie,
934 4319 975 4370 ac
993 4294 1100 4391 digne
1117 4292 1212 4378 fieri,
1233 4307 1309 4367 tum
1334 4293 1399 4366 de·

351 4415 452 4469 mum
473 4396 664 4489 gratiarum
695 4396 868 4470 aiilonem
902 4396 1098 4490 auspicatur
1126 4442 1198 4484 ,‚‚,.
1227 4392 1397 4467 llleminlt

349 4498 383 4566 S.
398 4492 530 4583 singuli.
541 4494 597 4568 lib.
613 4497 651 4560 de
663 4493 1010 4585 Donopersrverantia
1021 4544 1031 4574 ‚
1042 4517 1118 4585 cap.
1136 4512 1192 4581 13.
1207 4548 1228 4583 „
1240 4541 1262 4581 ,-,
1281 4485 1396 4583 Quod

351 4615 440 4684 ergo
470 4592 634 4684 linquit)
661 4597 696 4667 in
727 4593 958 4671 Sacramentls
988 4592 1159 4669 Fidelium
1193 4594 1398 4693 dicitur2ut

350 4691 481 4766 furlum
505 4716 568 4768 cor
587 4693 776 4768 habeamus
794 4694 837 4766 ad
860 4693 1081 4775 Dominum,
1104 4715 1232 4767 munus
1245 4691 1302 4773 ,est
1318 4688 1398 4766 Do·

350 4795 459 4870 minis
483 4791 621 4889 dequo
645 4817 791 4867 munere
811 4792 872 4887 ipsi
889 4792 1055 4870 Domino
1080 4790 1162 4868 Deo
1177 4790 1297 4865 nolito
1316 4811 1399 4884 gra*

351 4894 415 4970 tias
443 4892 878 5069 agereaSacetdoteLptist
897 4894 989 4970 banc
1009 4916 1158 4982 vocem,
1180 4889 1399 5065 quibuznlzuo

872 5006 902 5074 ἲ
1319 5011 1348 5064 10
