3892 6434
475 937 546 1029 De
573 935 842 1029 sacramento
869 928 1146 1040 Euclraristiae.
1268 967 1349 1060 537

299 1112 480 1214 psallentes
498 1135 507 1186 t
528 1108 689 1198 rannus,
712 1107 846 1180 sannas
867 1150 879 1188 ‚
900 1107 1036 1181 sannas
1067 1112 1230 1189 Dorhinrn
1258 1119 1349 1214 Deus

301 1221 543 1299 Exercitum,
571 1222 665 1303 plena
686 1209 729 1286 ιβ
754 1214 858 1282 omnis
881 1229 973 1280 terra
998 1211 1109 1302 gloria
1131 1236 1213 1298 erui.
1245 1212 1291 1301 Et
1312 1221 1348 1302 S,
1469 1267 1477 1289 Α,
1607 1269 1609 1274 ,

300 1318 454 1405 Jaanncs
480 1316 517 1388 in
539 1310 750 1410 Apocalypfi
775 1334 849 1406 cap,
867 1333 904 1403 4.
930 1329 1085 1412 quatuor
1104 1315 1248 1414 mystica
1272 1319 1356 1397 anl··

302 1415 403 1495 maiia
429 1409 531 1511 pleni
560 1412 673 1490 oculis
690 1412 873 1496 describit,
898 1413 1057 1509 requiem
1083 1435 1159 1488 non
1185 1417 1348 1499 habentia

270 1578 273 1583 .
302 1517 378 1602 die,
395 1537 437 1600 ac
451 1511 574 1594 noste,
595 1514 631 1595 &
649 1512 821 1598 dicentia:
844 1511 998 1596 sanetas,
1018 1509 1174 1601 Sentius,
1192 1515 1349 1606 Saralius,

302 1618 467 1690 Dominus
489 1618 582 1685 Deus
605 1621 804 1707 omnipotens
824 1667 834 1699 ,
854 1614 912 1707 qui
935 1629 1029 1700 erat,
1046 1615 1104 1711 qui
1132 1611 1176 1697 eil
1194 1663 1206 1699 ‚
1223 1618 1266 1688 (a
1291 1616 1350 1713 qui

304 1735 466 1794 ventum
488 1710 543 1795 eli,
1073 1721 1080 1730 ²

354 1813 546 1912 Propterea
568 1826 686 1890 autem
710 1866 733 1903 ,,
760 1808 942 1890 Traditum
964 1817 1067 1892 nobis
1088 1813 1182 1892 hanc
1200 1811 1354 1913 teraphi-

303 1939 422 2014 „cam
458 1912 699 2009 Theologiam
728 1917 943 2004 recitamus;
990 1932 1030 1991 ut
1062 1919 1099 1991 in
1131 1915 1185 1991 illa
1218 1914 1354 2005 coelesti

304 2014 545 2114 „hymnodia
573 2036 656 2092 cum
686 2000 964 2110 suptamunchna
997 2016 1120 2096 militia
1146 2019 1354 2092 communi÷

304 2172 328 2209 ‚‚
348 2139 469 2192 cemus
489 2159 520 2204 „·
548 2112 692 2212 (inquit
711 2109 1122 2214 S·CyrillusHierosol·)
1149 2115 1355 2192 Dominum

305 2214 430 2304 Deum
462 2212 631 2284 Sabaoth,
655 2214 690 2288 id
721 2214 798 2295 est,
821 2213 1064 2301 Extremum,
1098 2214 1354 2310 glorificatum.

304 2312 420 2409 Quod
440 2336 575 2391 nomen
599 2311 683 2390 Deo
703 2315 867 2398 tribuitur
888 2336 907 2389 a
928 2312 1136 2412 Prophetisa
1160 2332 1201 2392 ut
1221 2315 1257 2390 δι
1281 2317 1357 2385 Do·

305 2409 391 2487 nerui
413 2413 606 2492 uirtutume
631 2416 712 2512 quia
733 2418 851 2489 omnis
884 2415 1007 2492 militia
1032 2415 1184 2496 coetestn
1219 2415 1356 2490 exerci-

305 2531 386 2602 tus,
407 2534 533 2589 omnes
558 2514 713 2611 superum
734 2517 1030 2610 virtutemque
1052 2517 1220 2612 angelicae
1250 2530 1356 2609 pote.

306 2617 411 2693 states
434 2617 509 2706 ejus
528 2617 677 2711 imperio
701 2613 904 2708 subjacent,
925 2617 1027 2709 cujus
1048 2614 1201 2692 serviunt
1223 2615 1356 2691 volun·

305 2720 380 2795 tati.
407 2714 599 2811 Angelicos
618 2717 717 2795 eninr·
732 2712 881 2808 Spiritus
899 2714 990 2790 retia
1007 2715 1168 2790 militiam
1184 2713 1355 2799 dicimus.

306 2818 389 2913 quia
411 2815 589 2889 decertare
607 2837 668 2895 eos
685 2831 809 2888 contra
823 2837 936 2888 aereas
952 2816 1140 2908 potestates
1155 2837 1229 2888 non
1249 2819 1357 2910 igno·

306 2938 433 2997 ramus.
462 2912 556 3007 Quae
578 2929 696 2989 tamen
713 2917 902 2988 certamina
928 2937 1003 2990 non
1023 2913 1144 2994 labore
1163 2913 1221 2988 led
1243 2915 1358 3010 impe-

307 3018 362 3091 rio
393 3032 588 3114 peragunt,
613 3015 693 3113 quia
718 3015 817 3110 quod
839 3016 1020 3108 agendum
1047 3031 1173 3090 contra
1200 3017 1359 3089 immun.

308 3116 377 3193 dos
403 3118 537 3211 lpiritus
560 3111 764 3213 appetunt,
788 3137 833 3191 ex
854 3112 1034 3207 adjutorio
1054 3115 1178 3189 euntia
1200 3113 1358 3208 regentia

308 3213 466 3312 poliunt·
492 3213 550 3297 De
570 3214 636 3295 hac
655 3214 775 3288 militia
795 3214 955 3289 nascente
972 3212 1114 3290 Christo
1131 3213 1250 3291 laudes
1272 3210 1357 3289 Deo

309 3335 458 3391 canente
480 3315 648 3412 scriptum
670 3312 739 3388 eli:
767 3311 862 3382 rana
884 3312 926 3384 eti
952 3338 1023 3383 cum
1048 3315 1159 3405 angelo
1179 3314 1357 3380 multitudo

309 3415 449 3485 Militia
478 3412 618 3493 caelestis.
646 3412 726 3488 Nec
751 3428 851 3489 vacat
880 3411 1052 3513 hlyllerio
1079 3416 1168 3497 trina
1191 3411 1357 3511 repetitio

310 3514 507 3599 Saniiitatis
534 3516 570 3588 in
603 3513 743 3611 hymno
767 3513 829 3588 illo
853 3513 1061 3622 seraphim,
1083 3531 1122 3591 ut
1146 3515 1299 3609 explicat
1321 3516 1358 3593 S.

311 3611 500 3702 Ambrofius
523 3614 581 3692 lib,
602 3634 635 3700 3.
658 3619 696 3680 de
721 3617 849 3705 Spiritu
862 3612 970 3699 heraclo
995 3638 1072 3713 cap.
1094 3626 1150 3700 18.
1176 3670 1233 3706 ‚„,
1263 3612 1359 3690 Che·

310 3718 457 3800 rubim,
482 3715 516 3789 &
545 3712 727 3813 Seraphim
753 3713 923 3789 indefeffis
949 3717 1097 3792 vocibus
1125 3714 1296 3800 laudant,
1319 3713 1359 3794 δι

312 3816 461 3898 dicunt:
485 3812 644 3891 sannas,
671 3812 825 3898 Suettius,
845 3813 979 3882 rannus
1006 3816 1169 3884 Dominus
1193 3817 1286 3883 Deus
1300 3818 1359 3881 Sa.

311 3910 421 3986 beorh.
452 3912 540 3990 Non
563 3914 666 3991 l'emel
689 3914 837 3988 dicunt,
856 3938 901 3988 ne
922 3911 1194 4008 singularitatem
1215 3911 1357 3998 credas,

312 4039 388 4090 non
413 4016 464 4088 bie
486 4014 633 4091 dicunt,
653 4037 697 4088 ne
716 4014 886 4109 Spiritum
908 4014 1099 4107 excludas3
1124 4037 1199 4088 non
1213 4012 1359 4088 Sanllor

312 4115 465 4190 dicunt,
493 4137 537 4191 ne
572 4112 772 4209 pluritatem
804 4112 975 4203 aestimes;
1002 4113 1058 4187 sed
1089 4133 1142 4189 ter
1166 4129 1358 4206 repetunt.

313 4210 348 4289 u
375 4216 468 4289 idem
498 4213 647 4295 dicunt,
676 4227 716 4287 ut
741 4215 847 4286 etiam
869 4215 903 4286 in
935 4212 1073 4311 hymno
1099 4211 1360 4292 distinctionem

311 4307 584 4398 Trinitatir‚&
618 4310 819 4394 Divinitatis
848 4312 1020 4409 intelligas
1052 4315 1235 4389 unitatem.
1271 4307 1360 4396 Hau

313 4437 396 4488 cum
419 4415 569 4495 dicunt,
591 4410 710 4488 Deum
744 4411 937 4506 praedicant
962 4469 983 4503 „
1000 4467 1036 4502 „.
1066 4412 1236 4488 Additum
1261 4407 1360 4495 huno
1483 4437 1487 4457 ³

314 4512 492 4611 hymnum
525 4511 704 4588 Sacrificio
737 4508 847 4604 lllillea
876 4536 894 4592 a
924 4517 1020 4580 Sixto
1039 4516 1066 4588 1.
1096 4513 1254 4611 plerique
1281 4510 1362 4594 scri-

314 4614 427 4703 bunt3
449 4614 505 4688 led
524 4613 608 4687 libet
630 4610 843 4713 Pontificalia
873 4613 912 4689 id
928 4610 1041 4694 lulum
1066 4635 1085 4687 a
1107 4618 1141 4695 S.
1157 4615 1251 4678 Sixto
1271 4633 1361 4685 con-

314 4714 474 4789 stitutum
505 4713 672 4795 testatur,
706 4731 745 4785 ut
777 4711 968 4800 Sacerdote
1004 4710 1116 4806 ipsum
1146 4714 1357 4807 incipiente,

314 4820 418 4896 etiam
431 4811 582 4911 pupulus
595 4811 760 4887 eumdem
776 4829 941 4885 cantaret·
968 4810 1063 4903 Qria
1077 4835 1162 4886 vero
1176 4806 1360 4905 progrellu

315 4916 488 5020 temporis
509 4914 653 5023 quidam
673 4911 1013 5099 abrilirslineplerat,
1034 4927 1073 4995 ut
1095 4910 1233 5091 nonni?
1251 4914 1284 4984 in
1306 4909 1324 4983 s
1346 4947 1362 4966 ·

843 5033 858 5105 ς
1231 5036 1304 5084 Cin-r

1378 3374 1449 3449 luo
1468 3393 1500 3445 u
