3892 6434
840 1028 843 1037 ι

417 1128 422 1142 Χ

493 1265 497 1299 ’
612 1290 666 1386 56
762 1271 919 1368 Theoi.
935 1273 1050 1387 Dog.
1085 1208 1294 1365 &Monoi
1312 1271 1419 1365 Lib.
1443 1272 1506 1365 ni

567 1450 570 1456 ’
609 1448 755 1529 infirmis
776 1445 1027 1532 consecrandi,
1045 1460 1106 1522 aot
1123 1442 1234 1524 Misia)
1256 1443 1313 1524 die
1327 1443 1579 1527 solemnissimo
1600 1463 1661 1528 ce'·

326 1566 331 1579 ‘
456 1590 466 1614 ν
612 1549 810 1635 lebrandae‚
831 1543 1449 1627 utabEccleliaesuaeconsoetudine
1469 1548 1661 1628 discedant.

309 1642 314 1683 ³
613 1648 722 1728 Unde
741 1653 908 1719 lionorius
921 1650 991 1717 m.
1005 1669 1071 1745 cap
1094 1649 1263 1719 Litteras.
1280 1644 1389 1733 Extra
1411 1649 1450 1716 oe
1466 1643 1664 1719 celebratio.
1700 1691 1702 1699 ·

615 1772 655 1822 ne
672 1745 842 1837 Missurum
855 1791 865 1824 a
878 1769 961 1825 cum
973 1769 1020 1821 ex
1036 1743 1254 1837 cpnfesnone
1272 1747 1452 1838 cuiusdam
1465 1744 1665 1850 Presbyteri

460 1888 462 1895 ·
617 1847 778 1931 Ecclesia
791 1850 825 1928 S·
838 1847 895 1926 Bri
924 1841 996 1923 ittae
1007 1843 1192 1924 Brixiensrs
1202 1845 1542 1943 cognovissemeum
1557 1872 1566 1923 :
1581 1855 1664 1922 Cum

617 1950 768 2037 caricem,
789 1955 831 2023 (r
851 1871 984 2026 boilum
1007 1968 1070 2016 nun
1095 1941 1247 2032 habetet,
1263 1950 1300 2014 in
1322 1968 1405 2041 parre
1431 1942 1663 2037 fermentato,

618 2054 662 2123 (γ
695 2049 811 2142 scypho
846 2050 952 2144 ligneo
989 2042 1162 2137 Missurum
1195 2042 1353 2129 solemma
1384 2043 1546 2118 celebrare
1577 2072 1667 2148 prae·

615 2147 814 2248 sumpsisse,
833 2148 969 2227 hancin
990 2170 1073 2226 eum
1091 2145 1295 2223 sententiam
1308 2148 1389 2225 tulit
1410 2172 1419 2223 ε
1440 2147 1521 2218 Cun'r
1537 2150 1664 2242 igitur,

617 2252 673 2321 vol
692 2272 733 2320 ox
748 2254 849 2321 nimia
870 2245 1069 2340 ‚desipientia
1098 2242 1237 2341 peccasse
1250 2245 1406 2340 probetur
1424 2302 1435 2334 ,
1454 2253 1663 2337 mandamus,

615 2367 773 2447 quatenus
785 2346 909 2440 officio,
924 2350 966 2420 (θ’
978 2341 1131 2432 beneficio
1139 2341 1293 2441 perperna
1306 2346 1408 2441 ipsum
1417 2353 1546 2440 prives,
1560 2336 1665 2431 Hine

614 2457 654 2534 m·
666 2450 779 2522 Tlmm.
797 2448 916 2544 quaest·
930 2454 988 2533 84·
1001 2468 1035 2545 p·
1050 2466 1080 2536 3.
1095 2462 1160 2528 att.
1178 2469 1210 2534 4
1227 2503 1249 2539 „
1262 2504 1284 2539 „
1297 2446 1416 2533 Sicut,
1430 2450 1562 2541 inquit,
1576 2473 1661 2545 pec·

614 2565 672 2627 cat
689 2553 869 2647 presbyter
887 2551 924 2621 in
941 2545 1091 2623 Ecclesia
1118 2547 1311 2624 latinorum
1333 2548 1513 2624 celebrant
1542 2548 1586 2624 de
1601 2572 1663 2640 pa.

614 2672 662 2728 ne
684 2647 981 2730 sermentatmita
997 2661 1160 2744 peccaret
1183 2649 1364 2746 presbyter
1384 2670 1521 2742 graecus
1543 2650 1581 2724 in
1592 2649 1663 2730 Ec·

614 2747 715 2826 clesta
745 2769 945 2846 gracorum
974 2746 1152 2822 celebrans
1183 2747 1228 2820 de
1259 2770 1350 2842 pane
1378 2769 1539 2854 azymo,
1564 2746 1662 2851 quafi

612 2862 817 2946 pervertens
838 2842 999 2927 Ecclefiae
1022 2844 1091 2923 suae
1112 2848 1219 2922 ritum
1245 2901 1309 2938 ‚‚‚‚
1642 2874 1645 2883 ·

731 2976 734 2988 '
831 2997 1390 3083 *necuntxrn

607 3157 825 3321 Ecclesia
842 3157 958 3237 latinae
972 3158 1152 3238 Sacerdos*
1164 3161 1231 3236 iter
1249 3181 1357 3255 agens
1388 3181 1450 3258 per
1467 3146 1660 3261 graciam.

708 3277 768 3337 aut
788 3259 959 3338 Sacerdos
992 3282 1130 3358 graecus
1162 3280 1224 3357 pet
1248 3257 1517 3348 Occidentem,
1549 3266 1658 3342 ritum

604 3355 767 3438 Ecclestae
785 3361 851 3438 suae
872 3365 1021 3437 retinere
1044 3358 1183 3457 potest,
1203 3359 1239 3435 dc
1257 3358 1314 3435 ille
1334 3384 1375 3435 az
1403 3383 1486 3441 mo,
1508 3359 1567 3438 hic
1589 3364 1660 3440 ier.

604 3475 767 3538 mentato
820 3483 885 3535 ane
911 3461 955 3535 ad
994 3458 1268 3545 consecrandam
1303 3382 1554 3537 Euclarilliam
1577 3466 1659 3550 uti,

603 3559 718 3636 modo
740 3484 825 3635 abdl
857 3557 1007 3635 scandali
1035 3559 1242 3654 periculum·
1559 3614 1565 3629 .

653 3657 694 3736 Id
716 3673 757 3735 ut
779 3674 971 3742 caveatur,
999 3655 1216 3754 Episcopum
1240 3657 1335 3732 adire
1355 3655 1489 3734 debet,
1514 3660 1556 3734 ab
1589 3680 1654 3733 eo·

563 3760 568 3768 '
631 3782 676 3835 ue
701 3757 878 3833 licentiam
906 3757 1085 3855 pullulare
1122 3755 1225 3836 sacrie
1251 3756 1422 3854 operandi
1456 3755 1653 3834 secundum

529 3932 532 3936 .
600 3781 762 3937 Ecclesia
781 3855 848 3934 suae
866 3859 998 3934 ritum,
1017 3879 1059 3934 ac
1081 3877 1244 3938 morenis
1266 3860 1523 3964 obtentamque
1545 3859 1660 3934 licen·

599 3962 686 4034 tiam
708 3955 891 4036 parocho,
912 3972 973 4034 aut
994 3952 1174 4040 Ecclesiae,
1196 3959 1321 4055 inqua
1342 3957 1418 4032 vult
1450 3959 1585 4033 lactum
1607 3957 1660 4034 sa·

598 4078 704 4141 cete,
730 4053 924 4153 Praeposito
953 4079 1146 4150 exponere.
1174 4054 1298 4132 Ritum
1325 4069 1442 4132 tamen
1468 4053 1654 4136 Ecclefiae'.

597 4159 635 4233 in
662 4179 731 4256 qua
758 4160 936 4243 versatur,
964 4170 1040 4233 tuta
1067 4157 1279 4233 conscientia
1309 4155 1403 4253 sequi
1437 4158 1577 4252 potest,
1608 4156 1659 4232 se-

597 4250 758 4332 cundum
780 4254 951 4352 Regulam
971 4264 1002 4331 S.
1015 4253 1177 4334 Ambrosr'
1198 4280 1217 4332 a
1236 4263 1268 4325 S.
1281 4251 1459 4349 Augustino
1472 4253 1578 4342 Epist.
1595 4268 1654 4344 58.

600 4355 791 4441 olim118.
815 4355 1009 4432 laudaram:
1042 4413 1063 4447 ,‚
1077 4412 1099 4448 „
1125 4355 1220 4435 Cum
1240 4353 1395 4432 Romam
1418 4359 1547 4443 veni0,
1567 4357 1658 4451 jeju·

600 4478 654 4531 no
684 4456 861 4549 Sabbat03
884 4479 968 4532 cum
990 4455 1145 4532 hiesum
1176 4479 1284 4540 ,non
1304 4458 1441 4552 jejuno·
1467 4454 1528 4531 Sic
1548 4459 1656 4533 etiam

599 4569 664 4640 tu,
685 4555 729 4631 ad
753 4578 861 4654 quam
890 4554 985 4631 sorte
1005 4552 1194 4632 Ecclesiam
1222 4562 1382 4641 veneris,
1408 4555 1483 4646 ejus
1512 4579 1653 4631 motem

597 4659 716 4738 serva,
740 4653 763 4729 st
784 4657 951 4752 cuiquam
973 4678 1048 4731 non
1067 4656 1116 4730 vis
1136 4652 1203 4730 effe
1221 4653 1406 4736 scandalo,
1430 4678 1497 4731 nec
1521 4678 1651 4752 quem·

598 4776 707 4848 quam
726 4756 800 4829 tibi.
826 4752 906 4853 Ego
928 4778 1013 4831 reto
1034 4756 1173 4848 (inquit
1193 4748 1405 4848 S.Aug1‹ll.)
1431 4753 1475 4830 de
1494 4753 1560 4831 hac
1578 4754 1658 4829 sen-

596 4858 706 4929 tentia
733 4858 857 4940 etiam,
883 4872 991 4953 atque
1016 4856 1120 4929 etiam
1144 4857 1338 4951 cogitans,
1368 4853 1415 4930 ita
1432 4853 1567 4953 semper
1589 4853 1655 4931 ha·

595 4953 678 5037 bui,
698 4969 864 5050 tanquam
880 4978 956 5029 eam
971 4952 1105 5030 coelesti
1125 4953 1273 5030 oraculo
1294 4956 1490 5052 acceperim
1513 5009 1579 5046 „„.
1611 4953 1653 5031 ln

594 5047 1651 5151 eademlipillola&Augus-Januariumdocens‚qoidagen·

593 5153 680 5228 dum
702 5151 741 5227 fit
758 5156 793 5226 in
814 5157 873 5237 iis,
896 5156 931 5228 in
953 5155 1081 5252 quibus
1098 5156 1307 5249 regionum,
1330 5172 1391 5232 aut
1416 5152 1648 5231 Ecclefiarum

538 5298 541 5323 .
593 5251 862 5333 consuetudines
909 5258 1043 5334 variant
1069 5304 1082 5341 ‚
1110 5250 1206 5335 hanc
1246 5252 1421 5354 Regulam
1467 5250 1634 5332 tradidit:

1395 5350 1579 5448 „„Qm
