3892 6434
517 959 587 1049 Do
616 958 882 1051 sacramento
909 957 1183 1051 Eucharistiae.
1303 978 1379 1065 583
1424 932 1431 956 “

335 1126 407 1209 sed
424 1129 468 1206 de
490 1127 723 1212 Eucharistia,
748 1155 822 1207 non
843 1129 888 1207 de
910 1128 1090 1238 Eulogiis,
1115 1132 1172 1211 seu
1200 1155 1291 1241 pane
1319 1135 1382 1209 bo·

337 1233 480 1311 nediuo
501 1230 597 1307 hunc
620 1231 743 1306 locunt
777 1227 844 1306 esse
877 1233 1148 1327 intelligendum
1174 1282 1185 1317 ,
1212 1236 1276 1310 viri
1300 1256 1379 1317 eru-

338 1333 403 1408 diri
425 1332 602 1418 ceni'ent,
638 1353 794 1429 quorum
829 1333 1044 1426 probabilior
1076 1336 1200 1424 opinio
1229 1332 1380 1417 videtur·

338 1436 406 1512 urii
422 1432 467 1506 ad
486 1439 578 1499 Pium
593 1437 620 1502 1.
642 1433 798 1507 referunt
817 1485 826 1513 ,
848 1455 893 1506 ex
915 1434 1020 1528 'cujus
1042 1432 1190 1518 decretis
1216 1435 1259 1507 ab
1272 1435 1380 1501 Yvone

337 1528 526 1618 Carnuteuft
540 1555 573 1628 p.
586 1548 619 1600 2.
635 1528 775 1607 Decreti
788 1586 798 1615 ,
812 1554 887 1626 cap.
904 1550 959 1627 37.
978 1531 1136 1613 laudatur
1148 1588 1158 1614 ‚
1171 1534 1271 1643 qood
1283 1530 1381 1607 Nan·

340 1630 490 1709 netensrs
509 1629 660 1707 Conciiii
675 1629 765 1710 Can.
778 1653 810 1717 9.
825 1630 1057 1709 constitutum
1079 1634 1245 1728 legimus:
1259 1687 1281 1722 ,‚
1293 1687 1314 1722 „
1329 1627 1381 1720 Ut

339 1733 386 1807 de
405 1727 662 1814 oblationibus,
686 1753 765 1826 quae
789 1729 988 1808 offeruntur
1017 1732 1269 1830 apopu10,&
1291 1754 1382 1806 cun·

331 1830 523 1908 'secretioni
544 1829 752 1924 supersunt,
771 1831 827 1906 vel
852 1831 897 1905 de
922 1835 1094 1927 panibus,¹
1116 1855 1208 1930 quos
1223 1829 1383 1907 offerunt

340 1928 476 2010 Fideles
502 1931 545 2010 ad
582 1928 768 2007 Ecclesiam
796 1984 807 2016 ,
843 1931 894 2005 vel
919 1949 1014 2007 certe
1041 1933 1086 2008 de
1111 1930 1175 2009 suis
1197 1930 1383 2028 Presbyter

339 2033 596 2108 conuenienter
622 2046 736 2123 partes
750 2027 870 2104 incisas
891 2030 1014 2109 habeat
1034 2033 1158 2108 invase
1183 2030 1297 2106 nitido
1315 2045 1383 2118 ;ut

341 2130 423 2228 post
441 2126 622 2208 Missurum
643 2129 831 2213 solemnia,
861 2127 1027 2225 Euiogias
1052 2134 1152 2218 omni
1170 2131 1227 2206 die
1250 2129 1383 2206 Domi·

341 2235 448 2313 nico,
473 2232 508 2303 ἃ
528 2231 563 2303 in
587 2227 710 2306 diebus
724 2226 829 2304 Ferus
852 2232 982 2306 exinde
996 2234 1168 2325 accipiant
1189 2287 1212 2322 „
1224 2282 1256 2322 „.
1285 2228 1385 2319 iden

341 2331 461 2407 statuit
480 2332 706 2406 murmuras,
726 2328 1017 2425 Archiepiscopus
1035 2329 1215 2407 Remenfie
1232 2333 1268 2404 in
1281 2327 1387 2424 Capi-

342 2430 461 2507 tuluris
482 2445 512 2502 1.
531 2451 609 2524 eap.
623 2448 657 2510 72
683 2426 869 2504 Monachis
885 2429 1172 2506 Ciuniucenfibus
1199 2427 1386 2527 Eulogius,

342 2525 1392 2624 fivepanetbenedidosinresedorioantealioscioossuisso

343 2629 570 2722 distulimus,
598 2634 751 2727 antiquae
775 2652 900 2704 eorum
924 2629 1196 2709 consuetudines
1221 2629 1391 2706 testantur

343 2729 448 2813 lib-”2
471 2752 547 2823 cap·
560 2746 617 2814 30.
637 2784 657 2818 „
678 2727 716 2802 in
734 2730 873 2820 privatis
894 2728 1018 2804 diebus
1039 2727 1172 2810 Houiae
1200 2752 1275 2811 non
1299 2751 1390 2804 con·

344 2884 368 2922 ‚,
389 2827 722 2924 secrataeportantur
738 2828 772 2902 in
801 2829 1063 2918 resederio,ut
1084 2828 1157 2912 his.
1182 2831 1242 2929 qui
1263 2851 1309 2911 eo
1332 2827 1390 2904 die

344 2983 368 3022 ,‚
384 2949 458 3001 non
485 2932 861 3014 communicaverunt,
888 2952 949 3024 per
973 2953 1098 3005 manus
1117 2927 1316 3005 Sacerdotis
1338 2926 1392 3003 di·

345 3083 369 3121 ,‚
385 3027 594 3102 stribuantur
616 3071 650 3116 „.
679 3024 721 3104 Et
740 3028 798 3102 lib.
820 3044 854 3119 3·
877 3051 953 3124 cap.
972 3045 1025 3102 ru.
1052 3031 1110 3105 ubi
1131 3029 1287 3111 ‘Sucristae
1312 3022 1391 3102 offl-

345 3130 442 3204 cium
460 3126 679 3203 describitur:-
697 3183 719 3217 „
748 3126 867 3202 Portet
892 3129 1048 3223 pixidem
1066 3152 1149 3204 cum
1165 3127 1297 3204 Hostiis
1314 3149 1391 3213 non

346 3283 370 3322 ‚,
387 3226 596 3302 consecratis
624 3228 660 3300 in
689 3225 934 3309 refectorium,
952 3227 996 3303 de
1017 3231 1144 3324 quibus
1166 3227 1290 3325 singuli
1306 3250 1393 3320 praev

346 3381 369 3420 „
388 3325 520 3407 libant,
545 3328 605 3425 qui
634 3325 850 3411 noluerunt,
872 3344 931 3402 aut
956 3350 1031 3402 non
1060 3324 1257 3426 potueruut
1290 3349 1393 3403 come

349 3480 372 3518 ‚,
391 3429 570 3502 munieare
591 3470 624 3516 „t
652 3425 826 3502 Monachi
839 3425 1024 3513 Fuldenses
1043 3429 1078 3500 in
1111 3427 1228 3501 iibeilo
1246 3425 1393 3522 suppiici

347 3523 393 3601 ad
410 3528 559 3593 Carvium
579 3548 728 3618 magnum
749 3527 951 3622 postulant:
972 3582 994 3618 ,‚
1018 3524 1067 3602 Ut
1092 3530 1394 3603 communicatio·

348 3679 371 3716 „
392 3647 472 3698 nent
496 3623 590 3699 siesii
609 3630 705 3717 panis
729 3643 810 3701 ante
838 3628 957 3702 eibum
981 3628 1142 3720 quotidie
1160 3626 1292 3713 sumere
1314 3648 1390 3712 non

348 3779 372 3816 „
392 3723 596 3819 respuatur,
621 3723 810 3801 secundum
842 3725 1005 3819 exempla
1028 3727 1301 3820 praecedentium
1330 3724 1392 3800 Po·

348 3878 372 3913 „
390 3838 483 3897 trum
512 3870 552 3912 „·.
572 3824 726 3901 Abbutes
753 3829 788 3898 in
820 3824 970 3925 Synodo
999 3823 1266 3922 Aquisgraneufi
1294 3845 1392 3907 annu

350 3913 436 4011 817.
459 3923 643 4013 statuerant
668 3947 744 4020 cap.
770 3934 829 4010 68.
855 3924 1055 4014 Urliuiograe
1073 3924 1244 3994 Fratribus
1260 3948 1279 3989 a
1297 3932 1394 4003 fres,
1478 4012 1480 4019 Ι

348 4018 472 4111 hyterii
495 4026 529 4090 iu
557 4019 727 4108 refossorio
750 4028 867 4093 deutur
896 4023 982 4105 ‚his
1011 4025 1202 4109 nimitum,
1234 4025 1294 4129 qui
1325 4020 1395 4104 Eu.

352 4120 545 4230 ehatistiam
575 4144 649 4196 non
674 4119 898 4220 sumpserant.
943 4123 1080 4214 basogia
1109 4172 1120 4204 ‚
1150 4128 1269 4239 itaque
1290 4178 1301 4209 ‚
1336 4122 1394 4198 seu
1454 4120 1598 4212 Punisbo·

349 4225 574 4306 Aindoma,
603 4236 642 4297 ut
661 4225 766 4318 graeci
792 4238 943 4302 vocant,
971 4221 1027 4297 seu
1053 4217 1150 4309 Ppnr's
1188 4218 1395 4309 beneditus,
1417 4200 1597 4344 ffiffifu„

349 4338 392 4399 ut
411 4343 475 4395 nos
494 4342 693 4404 voconius,
719 4320 896 4398 institutus
919 4323 967 4398 est
991 4372 999 4400 ‚
1023 4336 1061 4396 ut
1093 4320 1194 4399 sncrae
1219 4320 1393 4398 Commu·
1416 4337 1550 4425 papus,

351 4420 467 4496 niouis
493 4469 503 4500 ‚
529 4420 616 4495 olim
656 4419 931 4520 frequentioris,
968 4422 1115 4510 vicarius
1151 4419 1244 4498 esset.
1280 4418 1398 4496 Nun,
1458 4420 1462 4428 '

351 4524 493 4594 ominus
516 4515 699 4616 progressu
718 4525 890 4617 temporis
912 4519 1263 4596 Fidelibusomnibus
1285 4520 1398 4594 distri·

351 4618 458 4694 butus
475 4620 523 4693 est
547 4665 557 4699 ‚
578 4623 618 4695 iis
641 4621 777 4707 etiam,
806 4626 865 4721 qui
905 4618 1112 4697 Eucharisiia
1140 4620 1255 4697 resedi
1278 4617 1400 4706 essent.

350 4712 415 4795 De
431 4740 506 4814 quo
535 4723 702 4789 Honorius
721 4717 1006 4812 Augustudunensrs
1042 4722 1079 4792 in
1102 4723 1235 4789 Gemma
1263 4725 1397 4805 anione,

351 4840 429 4909 cop.
453 4814 512 4906 67.
544 4873 599 4913 „‚,
636 4817 814 4896 Statururn
836 4820 884 4896 est
919 4820 1088 4914 (inquit)
1115 4834 1156 4896 ut
1180 4821 1277 4917 panis
1320 4820 1400 4920 post

351 4911 493 5009 Missum
514 4919 779 5008 benediceretur
805 4974 816 5005 ‚
843 4923 878 4994 dr
902 4923 1041 5019 populo
1064 4942 1132 5030 pro
1157 4917 1402 5011 benedictione

754 5014 895 5127 0⁰4
1221 5059 1223 5065 ·
1253 5041 1356 5105 tou-
1470 4998 1646 5138 Ἀ
