3892 6434
374 717 1636 949 -

551 1262 632 1345 542
744 1228 900 1324 Theoi.
922 1228 1037 1343 Dog.
1053 1227 1254 1321 &plorat
1271 1230 1367 1326 lib.
1396 1228 1455 1323 11.

545 1404 643 1484 lione
663 1406 754 1481 inter
784 1401 875 1479 saera
900 1400 1069 1499 Mysteria
1098 1399 1493 1575 apostolicifootificis
1528 1424 1605 1482 rue·

356 1520 376 1563 ²
547 1509 698 1583 moriam
719 1502 912 1580 secundum
935 1500 1107 1578 consuetu
1136 1505 1229 1576 inem
1254 1526 1328 1576 non
1351 1501 1605 1600 frequentant..

353 1621 529 1707 Ὀηεῑορω
596 1604 764 1683 Romano
787 1601 952 1678 Pontifici
990 1599 1135 1697 fingulae
1160 1600 1318 1678 Ecclesia
1339 1607 1485 1701 proprii
1504 1608 1604 1681 Antia

347 1708 491 1847 ἒῂὶῐωεο
547 1704 1029 1816 stitiscomniemorarionem
1038 1703 1485 1799 lubjungunt‚probantes
1495 1703 1530 1779 se
1542 1728 1603 1801 per

376 1800 531 1847 'mm
547 1807 641 1881 illam
667 1809 867 1879 orationem
881 1799 1083 1878 [lominica
1106 1801 1297 1878 oblationis
1321 1854 1332 1888 ,
1353 1801 1496 1881 servare
1516 1827 1601 1883 cum

349 1913 356 1925 ’
418 1996 421 2001 ,
547 1928 593 1983 eo
616 1905 787 1981 unitatem
807 1904 955 1997 Spiritus
977 1904 1011 1974 in
1039 1902 1184 1977 vinculo
1209 1905 1315 1999 pacis.

364 2056 468 2119 Oratio
497 2078 530 2121 ω
596 2003 771 2082 Addimus
790 2026 925 2077 nomen
948 1999 1057 2097 Regis
1079 2024 1125 2076 ex
1146 2000 1338 2101 apostolica
1380 1999 1599 2086 traditione»

346 2130 438 2213 Rege.
476 2077 496 2136 p
547 2107 770 2203 praecipiente
798 2101 830 2177 S.
849 2100 959 2177 Paulo
977 2118 1010 2175 1.
1034 2101 1077 2176 ad
1105 2100 1254 2181 Timorh,
1270 2121 1304 2176 2.
1329 2113 1371 2175 ut
1403 2099 1496 2179 fiant
1525 2126 1602 2179 ora⁶

542 2202 656 2285 tiones
669 2211 731 2274 Pro
742 2198 883 2295 Regibus
896 2254 906 2285 ,
918 2200 1139 2288 mamardus,
1160 2207 1215 2296 qui
1229 2206 1265 2269 ia
1274 2196 1487 2286 sublimitate
1502 2202 1599 2289 liar,

349 2316 396 2369 Ἤ
443 2322 451 2339 '
491 2314 495 2323 '
544 2311 655 2406 idque
681 2307 785 2380 etiam
822 2324 889 2398 pro
916 2298 1115 2376 infidelibus
1138 2348 1148 2377 2
1173 2302 1293 2401 quales
1318 2317 1419 2378 erant
1440 2352 1452 2379 .
1477 2303 1540 2399 qui
1567 2308 1600 2381 8.

546 2410 648 2479 Paulo
669 2408 809 2479 vivente
825 2404 1031 2496 regnabant.
1058 2399 1155 2479 Hinc
1173 2401 1394 2471 Tertullianus
1412 2401 1601 2501 Apologe·

546 2510 608 2583 tici
632 2526 706 2602 cap.
722 2523 781 2592 30.
810 2554 864 2591 „‚,
891 2500 971 2576 Nos
992 2503 1157 2594 (inquit)
1184 2524 1252 2597 pro
1270 2499 1376 2577 salute
1399 2498 1601 2600 imperato-

545 2628 628 2684 rum
661 2603 782 2680 Deum
816 2606 1025 2677 invocamus
1057 2617 1258 2684 aternum,
1285 2599 1408 2677 Deum
1446 2625 1595 2689 verum,

420 2732 426 2739 ·
493 2754 498 2765 ·
545 2704 667 2784 Deum
698 2706 902 2778 vivunt...
930 2704 972 2775 lu
999 2703 1101 2797 quus
1127 2700 1230 2777 solius
1256 2701 1431 2796 potestate
1458 2702 1598 2780 suntia

545 2827 622 2901 quo
643 2805 720 2881 sunt
741 2799 905 2877 secundi,
926 2801 1132 2899 postquem
1151 2805 1272 2897 primi,
1292 2821 1375 2875 ante
1394 2823 1526 2877 omnes
1542 2804 1598 2880 ‚dt

543 2907 646 3000 super
662 2925 789 2979 omues
819 2899 950 2978 Deos·
976 2899 1133 2977 Oramus
1157 2925 1225 2998 pro
1250 2900 1419 2977 omnibus
1438 2898 1597 2997 imperas

542 3007 704 3090 toribus,
724 3004 831 3076 vitam
853 3001 917 3081 illis
943 2999 1149 3096 prolixam,
1188 3002 1374 3096 imperium
1402 2998 1597 3088 secutum,

540 3107 694 3182 domurn
713 3118 825 3178 tutam
846 3155 856 3187 ,
880 3103 1056 3177 exercitus
1077 3099 1186 3176 fortes
1212 3156 1223 3184 ,
1245 3102 1403 3176 senatum
1427 3099 1595 3188 fidelem,

542 3203 721 3302 populum
747 3206 927 3297 probum,
949 3203 1075 3276 orbem
1096 3203 1284 3297 quietum,
1304 3201 1341 3275 ἃ
1363 3221 1594 3300 quaecuoque

541 3304 726 3388 hominis,
749 3303 784 3376 aa
808 3298 946 3377 Caelaris
972 3315 1056 3375 vota
1080 3299 1158 3375 suut
1180 3350 1254 3391 „„„

553 3468 559 3479 ,
593 3406 651 3481 Sic
675 3406 828 3494 Origenes
846 3402 904 3476 lib·
918 3409 947 3474 8.
973 3415 1098 3475 contra
1115 3398 1274 3476 Celsum:
1297 3455 1319 3490 „
1346 3399 1595 3485 laboramus.

541 3554 564 3598 „
581 3498 742 3598 (inquit)
764 3524 830 3595 pro
861 3503 1012 3595 imperio
1032 3498 1224 3586 Romano,
1248 3499 1334 3576 dum
1359 3502 1452 3595 juste
1475 3504 1597 3576 virano

540 3655 563 3698 ‚,
581 3623 632 3680 tes
654 3619 739 3680 vota
756 3623 825 3698 pro
843 3624 887 3675 eo
912 3600 1058 3676 iacimus
1080 3648 1125 3691 „2

591 3704 648 3780 Sic
679 3699 842 3773 Arnobius
878 3699 940 3775 lib.
971 3722 1005 3784 4.
1032 3717 1159 3775 contra
1191 3713 1341 3796 gentesr
1369 3757 1391 3793 ,‚
1409 3757 1433 3793 ‚,
1463 3697 1594 3777 Nostra

542 3802 680 3899 Scripta
700 3825 764 3877 cur
785 3800 927 3895 ignibus
947 3818 1153 3875 meruerunt
1174 3799 1364 3878 dariiCur
1389 3805 1593 3877 immaniter

541 3900 791 3979 conventicula
810 3897 925 3977 dirui?
944 3897 984 3972 lu
1005 3900 1131 3995 quibus
1150 3897 1305 3975 summus
1323 3917 1447 3976 oratur
1470 3900 1590 3978 Deus,

539 4008 611 4101 pari
623 4000 779 4084 condis,
798 4001 832 4073 ἃ
848 4001 946 4073 venia
969 4001 1187 4093 postulatur,
1213 4001 1499 4095 magistratibus,
1532 4022 1594 4073 ex·

542 4103 727 4180 amitibus,
748 4098 927 4194 Regibus,
945 4096 1194 4184 familiaribus,
1213 4102 1382 4176 inimicis,
1400 4100 1525 4177 adhuc
1547 4101 1594 4174 vi·

542 4219 614 4281 tam
627 4201 858 4296 degentibus,
872 4199 907 4272 a
921 4197 1078 4276 resolutis
1090 4221 1286 4292 corporum
1299 4199 1480 4275 vinolium
1501 4256 1525 4290 „
1538 4244 1572 4289 „.

595 4301 652 4378 Sic
678 4307 711 4370 S.
732 4294 1105 4387 DioayfiurAlexorrdr.
1143 4303 1239 4393 apud
1270 4295 1443 4385 Eusebium
1479 4300 1540 4373 lib·
1558 4312 1593 4391 7·

540 4399 704 4483 Hilioriae
723 4396 956 4474 ecclesiasticae
976 4419 1051 4494 cap.
1080 4414 1137 4477 11.
1156 4452 1210 4488 „‚,
1239 4396 1318 4474 Nos
1332 4422 1450 4475 uuum
1469 4397 1591 4476 Deum

542 4525 661 4579 rerum
680 4502 844 4574 omnium
858 4494 1046 4594 opificem,
1066 4500 1127 4595 qui
1146 4495 1359 4581 Valeriano,
1378 4500 1415 4573 ἃ
1427 4497 1591 4576 Gallieno

540 4597 763 4680 sacratilsmris
780 4600 941 4693 Augustis
969 4599 1155 4688 imperium
1178 4598 1340 4680 tradidit,
1359 4600 1540 4675 colimus,
1557 4596 1593 4671 dt

543 4702 743 4780 adoramus·
769 4694 1064 4773 Hinccoutinuas
1078 4719 1199 4793 preces
1220 4694 1405 4772 offerimus
1439 4723 1507 4796 pro
1528 4702 1590 4773 ima

544 4803 647 4900 perio
674 4798 846 4885 illorum,
876 4811 917 4874 ut
946 4797 1063 4873 stabile
1092 4797 1134 4889 ,ἃ
1171 4793 1421 4874 inconcuilum
1456 4818 1590 4895 perma-

546 4917 629 4977 neat
707 4946 716 4968 .

595 4955 669 5074 Pro,
682 4954 867 5076 ’lanstanet
896 4991 1113 5094 imperatore
1147 4993 1323 5092 liturgicas
1349 5018 1474 5090 preces
1498 4997 1592 5074 habi·

548 5112 600 5177 tas
621 5098 762 5177 testatur
784 5105 816 5174 S.
836 5093 1033 5186 Arbanafius
1060 5100 1097 5173 io
1122 5097 1301 5194 Apologia
1326 5098 1372 5174 ad
1395 5097 1514 5194 ipsum
1543 5098 1593 5173 di·

410 5270 413 5277 .
527 5196 653 5288 ,reda
1040 5266 1042 5271 .

383 5234 420 5417 k
605 5354 620 5371 ·-
1329 5370 1340 5394 ‚
1488 5292 1551 5379 Sic
