3892 6434
475 838 845 1007 Desananento
869 908 1146 1004 Eucharistiae.
1267 938 1354 1059 171Ι
1384 958 1389 967 ·

271 1094 351 1188 f„
374 1083 466 1166 Illud
488 1078 654 1183 (inquit)
678 1109 751 1185 prae
773 1088 908 1163 caeteris
928 1085 1110 1175 demiror,
1133 1086 1196 1187 qui
1212 1085 1342 1164 adora·
1423 1112 1429 1123 ’

292 1194 429 1269 tionem
448 1187 547 1264 istam
569 1187 716 1263 liberam
730 1187 925 1284 relinquas,
947 1189 1011 1281 qui
1029 1204 1146 1264 tamen
1161 1186 1343 1266 Christum

290 1288 399 1468 :ieairpsa
411 1290 804 1464 geloirporalifatzermtlidn
831 1286 1060 1461 coelisficum
1079 1310 1181 1462 m
1200 1285 1339 1463 'dege’

354 1415 388 1469 1,
484 1411 560 1463 umr
631 1409 727 1461 eans-
816 1409 910 1460 enim
976 1405 1077 1463 ttacr
1182 1411 1239 1473 m,
1300 1411 1341 1461 o·

294 1493 471 1568 rationem
493 1486 584 1563 illius
606 1485 768 1583 profecto
793 1508 870 1560 nou
896 1486 1011 1562 modo
1032 1487 1274 1563 tolerabilem,
1303 1486 1344 1564 dc

293 1588 489 1686 religiosam
500 1636 509 1664 ‚
520 1587 692 1661 sedetiam
704 1583 925 1660 necessariam
938 1590 1120 1661 arbitrarer
1136 1642 1202 1679 „„.
1224 1585 1341 1663 Porro

294 1689 489 1768 calviniani
510 1709 595 1763 cum
614 1682 823 1762 lutheranis
843 1687 1098 1772 concordiam,
1117 1687 1154 1761 dt
1176 1709 1344 1783 commu·

293 1793 440 1865 arionem
453 1789 632 1863 iniverunt
645 1783 997 1885 inplendo-smodo
1016 1785 1343 1868 suaCarentonicas

294 1882 474 1974 an.1631.
503 1884 760 1960 nonobstante
782 1907 908 1960 eorum
933 1887 1107 1983 opinione
1129 1886 1175 1961 de
1197 1886 1344 1983 praesen·

294 1992 344 2065 tia
364 1986 445 2062 reali
468 1983 641 2081 Corporis
669 1982 797 2060 Christi
821 1985 857 2058 in
883 1979 1115 2070 Eucharistia,
1143 2007 1250 2083 quam
1265 1985 1345 2080 qui-

293 2090 377 2166 dem
402 2089 614 2183 opinionem
639 2139 662 2176 „
692 2082 841 2160 Nullum
871 2080 998 2161 habere
1021 2108 1223 2170 venenum,
1248 2083 1346 2160 nulla

293 2200 371 2284 „re
383 2210 452 2262 nos
469 2184 676 2282 implicare,
696 2205 776 2286 quae
789 2182 831 2258 iit
847 2183 1011 2281 opposita
1023 2189 1165 2285 pietati,
1186 2184 1243 2261 seu
1260 2183 1346 2259 cha-

293 2343 318 2382 „
338 2284 522 2370 ritati,seu
534 2286 666 2359 honori
679 2281 771 2370 Dei,
793 2298 854 2359 aut
873 2285 975 2359 bono
988 2283 1179 2366 hominum
1199 2339 1244 2375 ,μ
1261 2277 1347 2358 affe.

294 2393 343 2463 rie
371 2387 511 2457 Dalana
538 2383 799 2461 Carentooicus
822 2383 979 2460 minister
1009 2386 1251 2483 Apologetico
1278 2404 1348 2481 pro

295 2484 405 2566 Dect.
431 2485 517 2584 Syn·
542 2483 810 2568 Carentonicae,
831 2503 940 2584 quem
963 2483 1062 2561 dedit
1079 2509 1161 2564 ann.
1181 2480 1224 2556 16
1232 2503 1283 2573 33.
1309 2483 1349 2558 dr
1454 2486 1483 2559 “.

297 2590 357 2663 cui
367 2586 513 2662 ministri
531 2607 656 2660 omnes
676 2580 905 2659 Carentonici
927 2587 1054 2679 pariter
1066 2580 1351 2681 subscripserunt·
1433 2622 1436 2627 ·

297 2684 393 2764 Cum
416 2689 524 2782 igitur
540 2683 701 2758 adoratio
714 2683 839 2758 Christi
852 2687 888 2757 in
908 2681 1117 2760 Eucharistia
1138 2683 1178 2759 stt
1198 2677 1362 2773 necessa-J

297 2788 369 2873 ria,
388 2782 567 2883 supposita
587 2781 657 2857 fide
683 2781 868 2880 praesentiae
890 2782 986 2857 realis
1011 2782 1164 2876 ejusdem
1189 2781 1350 2859 Salvato·
1435 2832 1439 2839 -
1519 2798 1524 2808 ·

299 2891 347 2962 ris
370 2892 405 2961 iu
428 2887 501 2959 hoc
521 2883 750 2959 Sacramento
765 2935 775 2968 ,
793 2882 928 2958 nullum
948 2905 1124 2961 venenum
1145 2880 1353 2976 hujusmodi

302 2986 505 3062 adorationi
528 2981 640 3058 subest
656 3010 672 3065 ,·
691 3004 756 3057 nec
785 2983 834 3056 est
854 2985 1028 3057 contraria
1053 2983 1196 3080 pietati,
1217 2976 1351 3055 bonorl

299 3083 391 3170 Dei,
418 3100 478 3161 aut
498 3085 599 3157 bono
624 3081 834 3174 hominum;
850 3084 1014 3180 adeoque
1040 3081 1271 3158 idololatria,
1288 3090 1352 3155 aut

301 3185 554 3284 superstitionis
563 3179 713 3256 accusari
723 3202 798 3257 non
809 3177 952 3279 possunt
962 3177 1159 3263 Catholici,
1173 3184 1234 3279 qui
1247 3176 1353 3255 Chri.

301 3284 394 3361 llum
415 3288 450 3358 in
473 3283 703 3359 sacramento
728 3281 890 3356 adorant·
915 3282 1002 3359 Non
1032 3284 1126 3357 enim
1148 3286 1191 3356 ad
1222 3278 1352 3378 speclea
1377 3340 1381 3352 .

301 3388 429 3483 panis,
444 3384 480 3457 aa
495 3384 568 3457 vini
588 3381 749 3455 adoratio
770 3380 845 3466 illa,
865 3379 934 3456 srve
953 3381 1132 3479 supremus
1155 3379 1273 3456 honos
1288 3379 1358 3456 unl

302 3484 387 3562 Deo
410 3484 551 3558 debitus
583 3481 754 3566 resertur,
778 3481 833 3555 sed
854 3482 898 3555 ad
926 3479 1105 3558 Christum
1127 3481 1353 3577 unigenitum

302 3582 374 3661 Dei
399 3580 527 3659 Filium
553 3579 731 3676 speciebus
752 3580 985 3670 involutum,
1007 3577 1095 3659 stcut
1117 3580 1264 3665 bonos,
1288 3578 1357 3677 qul

301 3679 395 3779 Regi
414 3681 625 3762 exhibetur,
652 3702 729 3753 non
753 3680 907 3756 desertor
927 3681 1000 3775 ejus
1014 3681 1153 3779 ·pallio;
1174 3682 1209 3755 ἃ
1233 3695 1356 3755 tameo

303 3805 413 3858 nemo
435 3783 564 3855 mentis
581 3786 799 3875 'compotem
822 3780 1034 3856 existimaret
1058 3781 1155 3856 illurn
1172 3835 1182 3865 ,
1201 3782 1263 3878 qui
1284 3776 1355 3854 Re·

304 3892 389 3979 gem
412 3880 571 3956 venerari
584 3877 719 3966 nollet,
740 3877 803 3953 nist
815 3880 921 3978 pallio
934 3928 944 3963 ,
959 3882 994 3956 δι
1009 3880 1158 3956 vestibus
1177 3893 1350 3956 exutum·

303 4004 350 4058 ne
372 3983 465 4056 sorte
487 3980 595 4055 vestes
615 3979 711 4071 ejus,
738 3980 774 4054 dc
799 3978 942 4077 pallium
964 3980 1093 4058 eodem
1118 3978 1259 4055 honore
1277 3999 1356 4075 quo

303 4081 380 4177 ejus
394 4077 613 4174 Maiestatem
625 4079 788 4177 prosequi
800 4077 996 4155 censeretur
1012 4103 1023 4172 ;
1041 4104 1085 4155 ne
1095 4081 1201 4175 igitur
1216 4077 1359 4159 insanos

304 4179 495 4266 homines,
512 4181 573 4274 qui
599 4174 780 4254 Christum
806 4181 841 4253 in
870 4177 1084 4259 Eucharillia
1113 4176 1242 4260 nolunt
1267 4177 1355 4251 ado·

308 4302 386 4355 rare
402 4335 412 4365 ,
429 4304 473 4354 ne
488 4278 646 4376 species,
669 4279 797 4374 quibus
821 4276 1092 4355 circumvelatur
1107 4278 1273 4352 ·adotare
1295 4296 1358 4368 pa·

305 4380 390 4457 riter
407 4380 602 4454 videantur·
628 4375 797 4473 Symbola
812 4394 931 4454 auteur
963 4374 1210 4462 externa,hve
1230 4374 1247 4448 s
1268 4377 1360 4453 ecies
1493 4378 1500 4395 ⁸
1545 4460 1549 4473 ¹

305 4472 1217 4579 panis&viniChrillumvelantes:„„Sipersespe
1266 4493 1356 4564 ntur,

307 4580 454 4676 proprie
479 4573 546 4652 esse
564 4576 761 4655 adorandas
785 4576 883 4655 cultu
906 4576 1036 4662 lattlae,
1059 4575 1177 4653 nullus
1199 4572 1360 4653 Catholi.

307 4700 371 4756 cus
399 4674 511 4752 asserit
531 4722 541 4753 ‚
563 4675 621 4751 sed
649 4674 762 4753 solum
793 4677 892 4754 cultu
920 4676 1080 4775 quodam
1105 4677 1271 4761 minore,
1295 4676 1359 4774 qul

308 4781 478 4856 omnibus
492 4775 661 4851 convenit
677 4775 907 4854 Sacramentis
919 4831 930 4862 ,
944 4773 1157 4866 vermandus
1175 4830 1197 4865 „
1209 4797 1256 4867 „3
1277 4775 1296 4870 (
1306 4780 1361 4844 r'rt·

307 4883 382 4972 quir
403 4875 595 4953 Cardinalis
621 4875 833 4950 bellarminus
860 4875 920 4954 lib·
934 4889 990 4971 15.
1013 4877 1276 4948 ‹sedecennitates›
1291 4873 1366 4946 Eu.¹

307 4974 489 5067 tharsilla,
512 4966 687 5074 cap,29·)
1161 4969 1310 5056 ¹CON-
