3892 6434
868 1029 874 1074 i

518 1249 590 1353 De
617 1205 1192 1357 Sacramento'Euoharistiaei
1231 1237 1244 1252 '⁵
1342 1223 1396 1369 9i

350 1435 428 1513 estis
457 1490 532 1528 „„.
572 1430 749 1511 Homines
781 1433 890 1530 igitur
912 1454 976 1529 per
1002 1434 1153 1530 gratiam
1182 1431 1396 1514 sanfflfican·

351 1551 426 1612 rem
442 1532 606 1632 Baptismi
628 1532 719 1609 fiunt
742 1534 901 1608 membra
926 1531 1100 1630 Corporis
1125 1533 1253 1611 Christi
1270 1582 1279 1611 r
1299 1559 1344 1611 ex
1361 1542 1395 1608 S.
1515 1525 1522 1552 ⁸

351 1633 489 1729 August.
513 1634 696 1714 sententia.
741 1630 796 1708 Ex
819 1631 872 1706 his
899 1635 945 1708 ita
972 1631 1158 1710 concludit
1178 1633 1213 1711 S.
1241 1633 1396 1732 Fulgen-

350 1740 451 1813 tius:
476 1790 531 1827 „„
558 1730 1016 1818 Arbitror,sautieFrater›
1043 1731 1314 1831 disputationem
1327 1759 1397 1811 no·

350 1836 456 1912 stram
488 1835 642 1931 praeciari
678 1830 849 1929 Docioris
875 1830 1061 1927 Augustini
1084 1835 1257 1909 Sermone
1276 1833 1396 1912 finna-

351 1952 451 2012 tam,
474 1957 542 2010 uec
565 1930 759 2034 quidquam
779 1927 847 2007 effe
866 1931 1086 2030 aliquatenus
1113 1934 1395 2031 ambigendum,

349 2050 438 2111 tunc
456 2054 754 2129 unumquemque
774 2029 947 2107 Fidelium
965 2027 1139 2128 Corporis
1161 2088 1172 2117 ,
1194 2033 1394 2132 Sanguinis·
1419 2023 1430 2062 ·’

348 2157 421 2231 que
440 2131 623 2210 Dominici
643 2133 851 2229 participem
863 2127 956 2214 fieri,
970 2131 1117 2228 quando
1135 2136 1171 2207 in
1185 2130 1395 2231 Baptismare

348 2236 551 2310 membrum
565 2231 742 2329 Corporis
764 2229 892 2314 Christi
908 2227 1082 2324 efficitur-3
1104 2253 1172 2307 nec
1191 2234 1329 2309 alienari
1347 2237 1393 2312 ab

343 2333 412 2408 ¹iilo
432 2336 556 2432 panis,
582 2331 739 2407 calicisve
766 2329 981 2407 consortio,
1003 2328 1136 2407 etiamsi
1155 2347 1308 2433 anteque
1332 2355 1396 2430 pa·

347 2453 432 2507 nem
453 2433 551 2508 ittam
568 2431 764 2515 comedat,
782 2429 821 2505 ἃ
852 2430 997 2505 calicem
1024 2431 1144 2517 bibat,
1172 2430 1217 2509 de
1237 2433 1310 2509 hoc
1335 2431 1396 2509 sae-

346 2531 432 2608 culo
446 2535 484 2607 in
499 2534 632 2608 unitate
647 2529 820 2629 Corporis
840 2528 967 2607 Christi
991 2531 1204 2609 constitutus
1220 2531 1394 2612 abscedat.

347 2630 564 2707 sacramenti
581 2632 715 2728 quippe
738 2627 826 2705 iilius
853 2630 1144 2726 participatione,
1159 2655 1200 2707 ac
1217 2630 1393 2710 beneficio
1457 2637 1463 2654 ²
1499 2693 1505 2707 .

346 2754 425 2809 non
439 2735 622 2826 privatur,
642 2728 788 2827 quando
815 2728 886 2823 ipi'e
911 2730 1017 2812 hoc,
1064 2731 1138 2806 uod
1167 2730 1253 2807 itud
1273 2731 1393 2810 Sacra-

346 2847 514 2906 mentum
541 2828 734 2927 fignificat,
763 2829 942 2904 invenitur
962 2880 1031 2922 ,‚„.
1086 2854 1112 2905 x
1132 2830 1391 2926 hutzratgem.

347 2932 462 3007 verbis
478 2936 511 3009 ὃ.
526 2925 657 3022 august.
675 2932 822 3005 nomine
836 2927 1008 3016 laudatis,
1030 2929 1228 3016 conflatum
1250 2931 1300 3009 est
1311 2948 1392 3032 cap.

346 3032 452 3103 Nutu·
464 3075 475 3109 ,
489 3045 571 3118 131.
590 3028 668 3104 dist·
689 3048 726 3112 4.
748 3033 787 3096 de
816 3027 999 3114 consecrat.

400 3129 646 3210 Confirmatur
669 3123 870 3226 Proposrtio
895 3127 1012 3205 nostra
1038 3149 1084 3204 ex
1102 3131 1134 3199 S.
1150 3126 1276 3199 noma
1296 3151 1329 3220 3.
1354 3155 1395 3230 ρ.

349 3253 412 3331 qu·
425 3247 484 3323 73·
502 3244 567 3305 art
584 3248 618 3316 3.
638 3230 699 3303 ubi
719 3228 795 3303 duo
817 3229 852 3302 in
870 3225 1087 3304 ¹Eucharistia
1105 3227 1310 3325 distinguit,
1331 3230 1396 3306 sci·

348 3333 433 3408 licet
453 3330 565 3425 ipsum
580 3332 841 3413 Sarmentum,
861 3328 983 3403 &rem
1003 3330 1213 3403 Sacramenti.
1243 3384 1298 3420 „„
1325 3329 1396 3407 Re!

348 3431 456 3529 huJ'ur
477 3427 691 3504 Sacramenti
720 3425 888 3521 (inquit)
914 3428 963 3503 est
981 3431 1095 3504 unitae
1117 3426 1291 3528 Corporis
1316 3452 1398 3529 my·¹
1488 3507 1494 3516 ,

348 3532 450 3608 stici,
471 3526 542 3604 fine
562 3552 632 3621 qur
653 3548 731 3603 non
748 3527 865 3623 potest
886 3524 954 3603 effe
973 3525 1070 3604 salus.
1097 3526 1198 3606 Nuttt
1219 3530 1315 3604 enim
1331 3551 1396 3626 pa*

347 3646 401 3708 tet
421 3627 534 3706 aditus
562 3628 676 3704 salutis
704 3645 804 3702 extra
833 3625 1030 3705 Ecclefiam.
1061 3631 1166 3699 Addit
1184 3676 1196 3711 ‚
1216 3625 1309 3705 Rem
1333 3633 1397 3705 aii.

347 3733 451 3824 cujus
475 3725 689 3804 Sacramenti
716 3726 838 3802 haberi
862 3726 961 3820 poiie
987 3746 1070 3804 ante
1096 3726 1397 3825 illiarsnsceptio·

348 3852 454 3916 nem,
469 3850 515 3903 ex
535 3828 609 3924 ipso
627 3840 717 3901 voto
730 3827 944 3902 sacramenti
959 3827 1188 3928 percipiendi.
1211 3825 1319 3905 Unde
1334 3853 1399 3906 au·
1479 3905 1483 3912 .

350 3947 388 4005 te
413 3931 679 4026 perceptionem
696 3926 800 4017 hujus
823 3925 1062 4005 sacramenti,
1080 3930 1206 4013 scilicet
1230 3930 1397 3998 Euchari-

349 4024 440 4114 Λα,
458 4032 574 4127 potest
590 4026 704 4101 homo
728 4026 854 4101 habere
867 4026 1067 4104 salutemur
1088 4044 1178 4103 voto
1198 4031 1398 4125 percipien-

350 4126 485 4203 dihoc
513 4127 803 4203 Sacramentum,
831 4122 921 4202 ficut
949 4127 985 4201 δι
1012 4143 1094 4203 ante
1117 4126 1331 4223 Baptismum
1347 4146 1396 4203 ex

350 4242 443 4305 voto
474 4223 637 4324 Baptismi
662 4274 733 4317 ,‚„·
771 4223 920 4321 Duplex
948 4240 1067 4303 tamen
1092 4226 1278 4303 discrimen
1303 4232 1397 4303 inter
1538 4293 1541 4308 .

349 4345 544 4426 utrumque
556 4326 717 4420 agnoscit
731 4330 764 4394 S·
774 4325 926 4394 Thomas.
953 4329 1117 4402 mimum:
1139 4384 1161 4419 ,‚
1175 4383 1197 4419 „
1222 4327 1317 4426 Quia
1332 4324 1397 4402 Ba.

349 4426 497 4526 ptismus
518 4426 569 4501 est
593 4427 807 4522 principium
833 4422 1013 4522 spiritualis
1037 4425 1191 4503 vitaer&
1215 4431 1319 4523 janua
1335 4427 1399 4503 Sa·

348 4539 636 4617 cranrentorum3
658 4519 867 4602 Eucharistia
888 4549 975 4602 vero
993 4525 1042 4601 est
1059 4525 1153 4623 quafi
1172 4525 1395 4603 consumma·

348 4628 401 4703 tio
415 4624 598 4721 spiritualis
615 4627 712 4700 virae,
735 4626 771 4699 ἃ
791 4628 953 4700 omnium
972 4624 1282 4703 sacramentorum
1305 4623 1396 4698 finis.
1430 4665 1434 4672 ·

348 4725 394 4803 Et
407 4726 490 4801 ideo
513 4728 695 4821 perceptio
710 4720 875 4828 Baptismi
895 4722 1138 4824 estneceffnria
1159 4724 1202 4800 ad
1220 4722 1396 4800 inchoan·
1519 4737 1521 4742 ·

349 4825 431 4902 dam
449 4823 660 4924 spiritualem
674 4827 781 4902 vitam
801 4849 812 4917 ;
835 4828 1019 4921 perceptio
1036 4842 1154 4902 autern
1174 4821 1397 4902 Eucharistiae
1451 4852 1453 4856 ’

348 4926 399 5001 est
418 4921 600 5001 neceiiaria
614 4922 657 4999 ad
673 4923 1011 5002 consummandami
1040 4925 1110 5001 sam
1124 4949 1135 5016 3
1149 4919 1278 4999 nonad
1301 4923 1404 5010 boc,'

348 5025 448 5121 quod
464 5024 664 5119 simpliciter
681 5024 871 5114 hubertum
894 5023 950 5099 sed
973 4950 1098 5101 sufficit
1117 5045 1194 5101 earu
1215 5023 1341 5099 habere
1356 5025 1396 5099 in

349 5142 467 5211 voro,
494 5122 583 5199 ficut
612 5126 648 5198 δι
667 5123 745 5200 finis
765 5123 913 5200 habetur
938 5127 973 5199 in
997 5123 1189 5210 desiderio,
1223 5123 1398 5201 &inten-

348 5227 458 5304 tione·
486 5226 639 5299 Alterura
650 5222 820 5314 descrimen
836 5222 879 5308 eli
889 5267 901 5307 a
922 5226 1005 5323 quia
1023 5248 1084 5323 per
1100 5221 1315 5400 Baptismqrn
1336 5245 1425 5307 ora¹

495 5346 497 5348 ·
1276 5345 1348 5400 rna·
1419 5373 1422 5385 ·
