3892 6434
464 919 543 1023 ,De
566 915 843 1011 -Sacramento
870 912 1148 1012 Eucharistiae.
1275 933 1363 1025 462

306 1094 390 1195 syna
427 1089 478 1167 ob
509 1088 783 1164 celebrationem
813 1085 999 1165 Missamm
1032 1090 1177 1187 erogata
1206 1086 1255 1171 illi
1280 1103 1359 1171 tota

307 1193 555 1288 debeturrqui
570 1185 690 1264 Missae
703 1187 866 1265 celebrat.
896 1188 1148 1282 Quamobrem
1168 1188 1203 1265 S.
1217 1189 1357 1287 Congn

308 1290 548 1372 Cardinalium
565 1287 677 1366 eone.
695 1286 796 1364 Trid.
811 1289 1049 1388 lnterpretum
1062 1293 1269 1368 auctoritate
1289 1292 1356 1361 Ur.

307 1391 383 1464 bani
399 1393 502 1463 Vm.
523 1388 621 1465 edito
643 1411 682 1465 ea
699 1387 745 1464 de
763 1411 801 1463 re
818 1388 1005 1467 Dect-'au
1021 1400 1125 1478 1625·
1147 1445 1169 1480 ‚,
1182 1445 1204 1480 „
1231 1390 1355 1468 Omne
1380 1372 1556 1513 ξθὲω·
1586 1478 1590 1487 „

308 1489 506 1569 damnabile
522 1484 663 1565 lucrum
683 1490 727 1564 ab
742 1485 896 1566 Ecclesia
907 1511 1093 1565 removere
1108 1490 1252 1568 volem,
1270 1511 1355 1588 pro·
1382 1472 1534 1595 ὤμ’

309 1592 409 1669 hibet
437 1589 648 1673 Sacerdoti,
700 1590 736 1666 ui
761 1587 903 1666 Missam
930 1587 1078 1687 suscepit
1109 1589 1361 1669 celebrandam

309 1716 393 1771 curn
420 1704 516 1766 certa
541 1611 785 1787 eleemosyna,
808 1713 854 1765 ne
880 1689 1051 1765 eamdem.
1068 1682 1209 1765 Missam
1234 1690 1354 1776 alteri,

309 1809 411 1890 parte
433 1787 597 1886 ejusdem
612 1787 843 1888 eleemosynae
862 1786 926 1865 sabi
946 1807 1082 1866 retenta
1106 1789 1357 1867 celebrandam

312 1907 519 1969 committat
540 1936 608 1979 ,‚,‚·
641 1889 810 1989 Cumque
837 1891 882 1965 ab
915 1889 1039 1965 eadem
1064 1887 1359 1985 congregatione

308 1992 431 2090 postea
453 1989 638 2087 quaelitum
664 1985 772 2065 esset:
801 2044 859 2081 „„
889 1995 943 2066 An
966 1989 1203 2072 Sacerdotes,
1226 1991 1362 2089 quibua

307 2095 500 2191 aliquando
529 2087 679 2166 offertur
697 2088 919 2188 eleemosyna
947 2092 1063 2184 major
1089 2087 1187 2166 solita
1212 2112 1280 2184 pro
1298 2112 1362 2166 ce·

306 2191 502 2268 lebratione
532 2185 643 2264 Missae
660 2243 672 2276 ,
692 2188 844 2267 debeant
874 2190 958 2265 dare
993 2192 1154 2266 eamdem
1180 2193 1358 2285 integram

280 2326 290 2341 ·
308 2292 567 2388 eleemosynam
580 2291 639 2375 iis,
662 2291 791 2389 quibus
810 2286 931 2365 Missas
947 2288 1170 2367 celebrandas
1188 2294 1358 2367 commit·
1504 2368 1507 2372 ,

306 2408 411 2486 tuut;
429 2414 474 2466 an
487 2413 573 2465 vero
587 2388 663 2466 satis
682 2388 744 2475 sn,
765 2405 806 2464 ut
826 2389 914 2466 dent
931 2391 1186 2468 celebrantibus
1203 2389 1358 2466 eleemo·
1461 2421 1466 2434 ⁵

306 2493 428 2589 synam
450 2487 884 2587 consuetamasocongr·
905 2488 1107 2585 respondit:
1130 2487 1272 2566 Debere
1291 2491 1356 2565 ab*

307 2592 420 2666 solute
437 2591 612 2686 integram
622 2588 881 2690 eleemosynam
896 2591 1050 2668 tribuere
1066 2588 1272 2673 Sacerdoti,
1289 2612 1358 2667 nee

309 2690 417 2787 ullam
442 2688 530 2764 illius
557 2706 693 2784 partem
711 2686 775 2766 fibi
800 2693 951 2766 retinere
976 2685 1074 2786 polle
1093 2743 1167 2781 „‚‚.

357 2780 489 2866 Recior
515 2807 634 2865 tamen
660 2784 851 2871 Beneficii,
868 2792 930 2887 qui
957 2784 1142 2865 Missurum
1176 2786 1358 2864 celebran-

307 2887 435 2971 darum
458 2912 550 2965 onus
574 2886 737 2963 Beneficii
758 2886 864 2983 ipius
889 2890 1026 2966 ratione
1051 2887 1114 2965 sibi
1146 2886 1356 2985 impositum
1548 2966 1557 2983 ,

308 2992 354 3066 ad
373 2989 519 3065 alterum
532 2987 648 3085 potest
663 2986 912 3085 transmittere,
929 3011 1005 3067 non
1021 3000 1162 3077 tenetur
1173 2987 1358 3065 Sacerdoti
1386 2960 1421 3035 0

310 3090 499 3166 celebranti
518 3089 600 3164 dare
611 3086 823 3184 stipendium
839 3086 1066 3165 adrationem
1076 3089 1278 3166 reddituum
1293 3085 1359 3164 Be·

310 3190 452 3265 neficii:
475 3243 498 3280 ,‚
511 3244 533 3283 ‚,
561 3186 631 3263 Sed
653 3186 730 3264 saris
750 3187 822 3267 est,
842 3192 926 3265 utei
944 3192 1075 3266 tribuat
1098 3188 1360 3285 eleemosynam

309 3311 532 3385 congruam,
551 3287 745 3365 secundum
768 3311 909 3365 morem
930 3289 1116 3375 Civitatis,
1133 3289 1190 3363 vel
1210 3285 1360 3365 Provin-

307 3391 395 3467 ciae,
414 3386 478 3463 nill
502 3389 539 3463 in
561 3387 770 3464 fundatione
788 3387 894 3485 ipsius
912 3387 1073 3465 beneficii
1091 3387 1184 3465 aliud
1212 3402 1360 3465 cautum
1452 3385 1459 3395 ”

307 3489 413 3566 fuerit
436 3537 516 3579 ,,,,,
539 3491 609 3579 (ut
628 3487 810 3585 respondit
834 3489 958 3565 eadem
980 3488 1271 3584 congregatio-l
1366 3562 1368 3567 ,
1518 3574 1528 3593 .

354 3584 526 3684 Denique
560 3587 651 3664 banc
685 3586 973 3685 Proposrtionem
1011 3594 1103 3666 inter
1142 3587 1223 3663 aliar
1250 3587 1356 3663 etiam
1389 3573 1548 3655 Propone·

307 3686 488 3762 damnant
506 3687 689 3756 Alexander
701 3688 782 3758 Vll.
802 3686 907 3765 Pont·
920 3689 1022 3766 Max·
1043 3744 1096 3780 „„
1123 3684 1207 3764 Post
1223 3685 1357 3763 Decre.
1385 3653 1534 3718 dmm·

309 3801 387 3862 tum
410 3785 563 3872 Urbani,-
584 3785 699 3882 potest
717 3786 909 3874 Sacerdos,
926 3792 985 3867 cui
1007 3786 1118 3867 Miller
1138 3786 1356 3865 celebrandae

307 3886 519 3979 traduntur,
540 3909 602 3979 per
626 3886 732 3962 alium
755 3888 974 3974 satissacere,
993 3887 1128 3965 collato
1148 3887 1198 3963 illi
1225 3887 1357 3963 minori

308 3982 511 4084 stipendio,
533 3984 598 4064 alia
621 4001 720 4083 parte
741 3985 904 4084 stipendii
928 4003 1076 4066 retenta.

595 4138 923 4224 REGULA
974 4142 1065 4229 IV.

308 4274 418 4352 Niln‘l
442 4276 582 4349 retineri
606 4272 698 4348 deber
726 4272 768 4347 al
797 4273 950 4348 AEdr'rnis
961 4324 973 4361 ‚
993 4292 1053 4347 aur
1080 4268 1358 4356 administratoria
1424 4283 1429 4301 ¹

358 4374 415 4447 bns
433 4374 666 4466 Ecclefiarnrn,
687 4400 729 4449 ex
747 4374 920 4467 Miffarnrn
938 4374 1200 4451 celebrandarum
1223 4373 1358 4446 eleemo-

353 4476 466 4570 synr's,
483 4496 545 4572 pro
565 4474 708 4571 expenfir
728 4496 1010 4565 ornamentorum,
1032 4498 1218 4563 cereorum,
1237 4471 1359 4553 hostiae

357 4602 453 4663 rum,
472 4580 550 4649 vini
559 4621 571 4663 1
588 4581 659 4652 &aa
685 4574 746 4662 niss
767 4601 839 4651 cnm
857 4574 1002 4666 Ecclefiae
1025 4579 1108 4649 assos
1132 4578 1279 4647 redditur
1294 4597 1359 4646 nun

358 4675 503 4764 habent,
524 4702 604 4775 quor
622 4702 696 4752 ennr
714 4680 760 4795 yn
781 4676 873 4768 astant
895 4680 1077 4774 expendere
1096 4674 1203 4773 poffir.

311 4806 379 4975 ld
400 4810 495 4883 enim
510 4810 664 4885 omnino
679 4820 775 4887 retae
795 4805 942 4889 laudata
963 4804 1265 4906 Congregationir
1283 4756 1371 4885 9ο·ἶΙ

369 4926 530 4999 metum,
550 4930 631 5009 quar
651 4930 693 4987 aa
719 4909 765 4988 de
788 4928 836 4988 re.
852 4905 1042 5009 proposito
1068 4908 1180 4987 dubio
1213 4906 1375 5085 'Eysffw
