3892 6434
486 893 557 986 De
585 891 852 984 sacramento
878 885 1155 985 Eucharistiae.
1270 911 1357 1004 273·

302 1062 449 1142 deberet
471 1063 601 1163 eligere
632 1064 791 1144 medicus
824 1065 1037 1144 medicinam
1060 1063 1281 1146 mortiferam
1300 1067 1357 1140 in·
1446 1120 1448 1130 .
1555 1056 1570 1091 ⁸

304 1165 433 1262 firmo,
451 1186 560 1265 quam
580 1159 665 1251 libi,
683 1162 706 1240 fi
727 1165 935 1244 alterutrum
961 1183 1170 1264 oporterer3
1200 1167 1237 1242 δι
1261 1163 1357 1241 frmi·
1442 1252 1444 1262 Ι

304 1264 386 1344 liter
413 1266 585 1342 Sacerdos
610 1268 729 1360 potius
752 1265 897 1343 deberet
924 1265 1079 1364 eligere,
1101 1267 1201 1367 qood
1225 1287 1353 1364 pecca·

304 1378 366 1443 tor
386 1362 496 1441 sumat
509 1364 553 1440 ad
580 1365 817 1461 perditionem
838 1366 957 1451 suam,
977 1389 1084 1464 quam
1106 1367 1177 1466 ipse
1198 1364 1352 1459 deneget

303 1467 342 1543 in
366 1463 604 1558 perditionem
627 1466 831 1561 propriam,
851 1464 1144 1550 scandalizando,
1169 1466 1205 1540 δι
1225 1486 1350 1562 pecca·

305 1579 385 1640 tum
404 1565 588 1640 occultum
616 1565 817 1641 reverando.
841 1562 885 1641 Et
911 1581 1077 1660 preterea
1101 1583 1176 1640 non
1202 1564 1251 1639 est
1275 1586 1352 1639 cer·
1616 1643 1620 1654 ,

305 1675 385 1740 tum
403 1706 413 1745 2
434 1682 553 1740 utrum
573 1662 614 1740 fit
638 1666 668 1739 ei
692 1665 894 1750 mortifera,
916 1669 998 1764 quia
1026 1668 1169 1753 Spiritus
1193 1659 1248 1733 ubi
1273 1664 1349 1735 vult
1376 1631 1468 1773 Q
1492 1657 1524 1730 sl

299 1760 420 1851 spirat.
457 1761 563 1840 Unde
588 1762 702 1841 subito
727 1761 932 1862 potestesse
955 1764 1271 1861 commodum&
1297 1760 1350 1838 di·
1466 1822 1470 1833 ,

303 1863 435 1938 vinitor
458 1886 477 1939 a
497 1878 646 1963 peccato
662 1877 850 1961 purgatus,
867 1865 903 1939 δι
925 1861 1043 1939 divina
1061 1862 1285 1963 inspiratione
1303 1860 1349 1938 ari

303 1957 573 2038 Sacramentum
584 1961 752 2040 accedere
769 2001 838 2056 „„·
877 1963 1019 2063 (inquit
1040 1965 1149 2049 Μὴ.
1169 1966 1255 2052 ine·
1271 1966 1349 2045 Serr-

302 2065 508 2147 remearem,
530 2061 619 2143 Dist,
634 2085 671 2151 9,
704 2086 766 2162 qu·
781 2080 814 2144 ι.
835 2076 899 2140 art·
919 2058 981 2158 i.)

354 2159 437 2237 Nec
456 2165 561 2236 etiam
581 2185 642 2254 par
664 2160 713 2239 est
734 2164 824 2238 ratio
845 2161 977 2261 gladii,
995 2163 1057 2257 qul
1077 2152 1175 2240 reddi
1198 2184 1272 2239 non
1286 2159 1350 2240 de.

303 2258 365 2336 bet
389 2261 529 2336 homini
556 2259 687 2341 furioso
710 2265 872 2360 petenti,
894 2279 935 2340 ut
953 2262 1039 2347 fibi,
1056 2262 1111 2338 vel
1132 2262 1231 2339 alteri
1249 2285 1350 2341 mor«.
1433 2347 1435 2351 ¹

302 2374 377 2436 tem
397 2359 532 2434 inierat.
564 2357 686 2437 Primo
702 2365 809 2460 ‚quta
829 2359 1062 2439 subtratrtone
1084 2360 1193 2459 gladii
1221 2363 1352 2443 vitetur

301 2456 562 2547 homicidium
583 2457 817 2538 subtradione
832 2478 950 2539 autem
966 2460 1184 2539 Sacramenti
1202 2480 1278 2539 ooo
1297 2464 1352 2541 vl·
1423 2515 1426 2521 ·
1521 2476 1536 2554 g

303 2576 398 2636 tatur
428 2573 616 2657 peccatum
646 2559 733 2638 iliud
754 2561 900 2658 indigne
924 2561 1058 2639 sumere
1083 2561 1266 2642 volentis,
1292 2559 1353 2647 sed
1454 2622 1464 2629 .

258 2656 263 2666 '
302 2656 418 2734 solum
447 2660 541 2736 ailoe
570 2662 747 2737 exterior:
767 2661 838 2749 lpse
860 2659 1033 2759 ssquidem
1058 2663 1220 2755 peticione
1235 2681 1355 2754 pecca.
1439 2738 1447 2755 ⁸

304 2760 362 2853 erit
378 2759 589 2836 mortaliter,
614 2764 649 2828 r'n
668 2779 832 2851 peccatum
852 2762 989 2830 mortale
1013 2758 1232 2847 consentiens,
1249 2778 1288 2838 ut
1303 2761 1353 2839 ait

303 2862 338 2939 S,
358 2854 511 2937 Thomas.
541 2856 733 2955 Secundo,
750 2862 830 2956 quie
857 2858 1024 2957 negando
1050 2851 1236 2957 gladium,
1256 2860 1352 2938 nullo

301 2954 452 3033 infamiae
478 2956 555 3033 labe
583 2960 773 3055 aspergitur
800 2963 1011 3057 proximus:
1027 2978 1063 3036 at
1092 2952 1259 3056 negando
1289 2957 1352 3034 Sa·

304 3065 525 3134 crementum
536 3080 642 3155 grave
654 3059 779 3134 volnus
792 3060 939 3135 insertur
951 3059 1052 3135 same
1064 3061 1232 3156 proximi·
1258 3054 1349 3135 Ter·
1481 3129 1484 3134 ,

302 3160 381 3250 tio,
401 3162 481 3255 quia
503 3164 571 3233 vita
585 3161 746 3254 corporis
765 3162 913 3256 reparari
935 3183 1011 3234 non
1031 3157 1171 3257 potest;
1191 3173 1226 3236 at
1239 3159 1351 3261 ‚dano

302 3280 391 3332 num
412 3262 537 3332 animae
557 3257 708 3345 reiirciri
727 3259 842 3354 potest
860 3283 886 3334 a·
899 3256 984 3335 Deo
1002 3261 1198 3355 peccatoris
1218 3258 1350 3335 volun-

302 3373 411 3432 tatem
437 3376 619 3444 mutante3
642 3375 681 3433 ut
704 3362 777 3445 eius
795 3356 1029 3434 misericordia
1051 3359 1138 3460 saepe
1157 3360 1348 3457 contingit·

303 3453 449 3549 Quarto
467 3503 477 3532 ,
496 3461 576 3554 quia
607 3456 777 3533 Sacerdos
802 3464 875 3556 agit
909 3476 949 3534 ut
973 3459 1134 3559 publicus
1163 3460 1348 3539 bonorum

303 3557 556 3635 communium
578 3555 812 3654 dispensator3
832 3559 888 3633 ille
906 3575 1046 3644 autem,
1061 3558 1154 3658 apud
1170 3576 1277 3659 quem
1298 3553 1348 3634 ai·

303 3669 357 3728 ter
370 3653 527 3747 gladium
540 3656 720 3753 deposuit,
732 3663 863 3753 privata
879 3657 1023 3754 persona
1035 3659 1083 3734 est
1097 3662 1216 3748 ‚cujus
1226 3662 1349 3755 proin.

304 3756 349 3827 de
377 3753 468 3828 attio
496 3753 632 3830 scientia
666 3761 798 3854 privata
825 3760 926 3851 dirigi
950 3759 1064 3834 debet.
1104 3759 1202 3835 Sicut
1227 3774 1348 3836 autem

304 3870 425 3951 parere
444 3869 618 3932 teneretur
635 3856 747 3931 homo
759 3858 933 3932 sententiae
952 3856 1084 3955 judicis
1101 3861 1259 3954 gladium
1279 3855 1348 3932 ho·

303 3957 391 4026 mini
417 3954 561 4028 reddere
588 3957 767 4048 jubentis,
786 3979 894 4054 quem
917 3957 1085 4032 introsum
1106 3957 1251 4054 quidem
1269 3948 1351 4031 noso

303 4049 352 4143 set
371 4051 450 4137 iile,
467 4053 525 4128 sed
549 4059 650 4131 certis
681 4055 904 4131 documentis
930 4059 1078 4154 probare
1111 4074 1185 4130 non
1208 4050 1345 4154 possete
1414 4144 1416 4149 ¹
1500 4073 1505 4081 '
1541 4106 1543 4110 <

303 4152 350 4240 ita
374 4158 574 4248 peccatori,
594 4177 702 4252 quem
725 4153 829 4231 talem
854 4143 920 4230 eise
944 4153 1092 4251 publicis
1115 4151 1349 4233 testimoniis·

302 4267 364 4328 eut
389 4253 514 4350 iudicis
535 4254 701 4330 sententio
718 4305 728 4341 ,
748 4255 801 4330 vel
826 4258 968 4352 propria
994 4251 1209 4330 confessione
1235 4258 1268 4326 in
1288 4255 1349 4326 ali·

302 4372 379 4449 quo
404 4353 540 4446 judicio
567 4353 638 4430 five
674 4355 849 4435 saeculari,
870 4352 938 4428 live
970 4345 1206 4430 Ecclesiastico
1237 4351 1351 4435 facio.

301 4475 379 4525 non
401 4453 538 4527 constat
552 4475 563 4542 3
578 4455 633 4546 jus
651 4452 749 4530 suum
763 4452 983 4530 reddendum
1001 4454 1049 4528 est
1069 4457 1160 4529 circa
1179 4452 1351 4544 sumptio·

302 4550 386 4626 ne'm
398 4552 613 4629 Sacrameuti
626 4608 636 4638 ,
649 4556 748 4650 quod
762 4556 792 4628 ei
809 4558 844 4627 in
860 4553 941 4628 foto
954 4555 1121 4629 exteriori
1134 4554 1293 4629 debetur.

353 4648 594 4737 confirmatur
614 4654 687 4728 hoc
702 4652 1005 4748 disciplinaecaput
1025 4675 1070 4728 ex
1083 4675 1114 4729 c.
1143 4656 1342 4740 Sirenem,

302 4748 402 4825 causa
412 4747 448 4830 6.
471 4775 530 4849 qu.
546 4773 579 4827 2·
600 4777 645 4828 ex
662 4749 928 4828 Cochaiensr
947 4771 975 4828 1.
1002 4749 1091 4835 Can.
1104 4767 1139 4838 8.
1159 4748 1346 4847 cuiushaec

301 4848 382 4926 sunt
409 4855 538 4924 verbat
562 4907 583 4942 „
601 4908 623 4945 „
649 4851 685 4928 Si
708 4868 844 4930 tantum
870 4847 1063 4951 Episcopus
1095 4852 1196 4934 alieni
1215 4851 1345 4930 scetem

354 4949 448 5036 Tem·
473 4952 545 5022 ΙΙΙ.
857 4947 882 5031 S
1257 4950 1293 5029 se
