3892 6434
532 936 603 1029 Dc
632 934 899 1028 sacramento
926 890 1201 1084 Euchadsls23
1235 954 1270 1006 '-
1324 966 1404 1047 ros

310 1114 322 1126 “
360 1109 417 1190 tel
439 1106 621 1187 Sacerdoti
641 1111 720 1186 data
748 1109 818 1197 est,
840 1134 917 1187 eam
938 1112 1042 1209 plane
1066 1114 1182 1190 statim
1205 1109 1401 1199 resculam.

358 1216 587 1328 irritamque,
612 1231 653 1289 ac
683 1210 814 1292 nullam
846 1214 998 1289 omuino
1022 1210 1111 1292 else,
1127 1215 1200 1309 jam
1222 1235 1320 1291 nunc
1341 1215 1405 1290 dess·

358 1333 537 1395 cernimus
559 1365 581 1401 ,‚
598 1358 635 1401 „-

411 1410 454 1489 lt't
466 1409 581 1488 Cone·
601 1405 845 1506 Burdigalenses
856 1432 952 1485 anno
969 1421 1078 1504 1383.
1097 1411 1310 1490 celebratum
1322 1434 1400 1509 cap.

359 1527 395 1606 ς.
415 1565 471 1602 ,,,,
541 1514 595 1587 uia
611 1533 698 1585 vero
713 1508 980 1596 sacerdotum,
1006 1516 1042 1587 in
1066 1512 1272 1606 quibusdam
1296 1512 1403 1602 hujus

361 1617 556 1710 provincia
577 1610 686 1692 locis,
708 1626 804 1687 tanta
828 1612 985 1713 paucitas
1009 1654 1020 1687 s
1042 1611 1077 1686 dr
1099 1614 1242 1708 penuria
1265 1614 1337 1697 est,
1362 1625 1404 1688 ut

387 1707 569 1788 uibusdani
602 1712 654 1785 bis
679 1734 754 1787 uno
784 1710 841 1785 die
858 1710 1004 1787 Sacrum
1028 1711 1178 1787 faciendi
1198 1711 1403 1787 facultatem

359 1733 524 1905 dprrcopi
541 1807 739 1887 concedere
760 1827 959 1904 cogantur3
980 1834 1024 1887 ne
1045 1809 1146 1908 quod
1171 1866 1182 1897 ,
1206 1808 1404 1887 necessitate

357 1929 535 2006 cogente,
557 1909 601 1993 ad
623 1909 748 2007 populi
774 1907 948 1986 christiani
984 1910 1168 1996 solatium,
1186 1908 1404 2005 salutemque

358 2011 602 2105 permittitur,
623 2008 856 2088 immoderata
881 2010 1019 2086 licentia
1047 2013 1157 2086 errori
1173 2009 1296 2087 locum
1316 2009 1404 2090 det,

355 2130 463 2209 atque
476 2111 510 2182 in
533 2107 678 2186 abosum
695 2126 945 2186 convertatur.
965 2111 1207 2195 decernimus,
1222 2135 1267 2185 ne
1284 2107 1404 2202 hujus·
1529 2164 1531 2168 .

356 2211 457 2289 nrodi
475 2207 676 2287 facultatem
696 2206 859 2307 Episcopi
882 2209 1076 2306 largiantur
1097 2264 1108 2296 .
1131 2207 1193 2285 uisi
1217 2209 1402 2285 Sacerdoti

354 2307 513 2403 spetlatae
536 2309 738 2402 probitatis,
766 2314 874 2407 idque
892 2308 1096 2403 gravissimis
1113 2307 1286 2385 decausis.
1308 2307 1404 2403 Quae

359 2407 505 2486 lacunas
527 2407 624 2487 brevi
650 2413 757 2484 etiam
791 2428 954 2508 tempore
976 2409 1279 2488 circumscribatur
1305 2432 1403 2488 ‚nec

353 2507 400 2582 ud
421 2506 535 2601 piures
554 2505 652 2590 dies,
681 2531 788 2604 quam
811 2511 855 2584 ad
878 2507 1117 2588 Dominum,
1138 2512 1173 2584 δι
1201 2507 1342 2588 Festos,
1364 2513 1404 2585 in

355 2604 498 2680 dirersis
523 2624 660 2683 tantum
678 2605 1086 2704 Ecclefiisprorrahatur.
1112 2606 1405 2687 Caveantautent

355 2706 425 2791 illi,
449 2711 510 2802 qui
534 2709 585 2782 bis
607 2706 736 2787 eodem
761 2709 819 2784 die
830 2706 971 2785 Missam
989 2711 1163 2786 celebrate
1186 2708 1401 2793 debuerint.

355 2828 402 2880 ne
423 2808 459 2880 in
484 2803 932 2910 prinialllillaspostquam
958 2824 1077 2886 totum
1103 2805 1321 2886 Eucharistiae
1341 2806 1404 2883 ss

355 2921 577 2983 crumentum
618 2905 824 3004 sumpserint
847 2953 856 2985 i
879 2913 965 2985 uino
1000 2931 1125 2985 manus
1158 2906 1404 3004 perfundantt

356 3004 557 3102 pertusione
583 3008 678 3081 eninr
709 3027 872 3105 accepta,
905 3008 1009 3085 aliam
1032 3008 1309 3086 celebrationem
1333 3029 1405 3083 no·

357 3107 474 3186 verint
494 3107 664 3196 impedire
688 3154 759 3198 ,,,,.
846 3146 854 3171 ·

406 3205 453 3285 V.
483 3201 622 3288 llliffam
634 3206 808 3283 celebrare
827 3227 901 3281 non
927 3201 1009 3286 licet
1025 3204 1109 3283 ‚nist
1135 3203 1317 3283 Matutino
1338 3201 1401 3279 sal·

354 3318 429 3382 tem
447 3329 531 3382 cum
555 3302 735 3384 Laudibus
747 3303 910 3381 absoluto
933 3303 1126 3383 secundum
1146 3307 1299 3383 rubricas
1313 3302 1402 3380 lllis.

354 3403 451 3489 salis,
477 3410 513 3479 dc
536 3403 693 3482 Ecclesiae
709 3405 1114 3500 consuetudinenr,quae
1130 3409 1200 3484 rim
1231 3404 1318 3501 legis
1338 3404 1403 3480 ha-

353 3502 439 3587 het,
456 3521 494 3580 ut
508 3507 644 3582 constat
664 3529 710 3587 eit
732 3529 810 3602 cap.
844 3509 883 3574 Jn
903 3509 976 3592 nir,
998 3507 1072 3582 dist.
1100 3502 1305 3604 rstNeque
1319 3500 1401 3581 sunt

353 3603 517 3682 audiendi
540 3608 639 3702 ,qui
658 3607 756 3693 aiunt
780 3607 1072 3683 consuetudinem
1097 3606 1189 3682 illam
1213 3611 1283 3681 vim
1311 3605 1401 3701 legis

353 3703 514 3799 persetlae
534 3727 608 3779 non
640 3703 787 3791 habere,
817 3729 932 3802 neque
965 3703 1191 3783 necessarium
1211 3702 1277 3780 elle
1301 3705 1401 3780 ordi·

353 3826 437 3878 nem
456 3806 545 3878 inter
559 3801 780 3881 Matutinum
799 3801 978 3890 officium,
993 3808 1029 3882 δι
1050 3802 1191 3882 Mutum
1212 3809 1399 3900 privatam.

354 3899 585 3977 Contrarium
610 3908 706 3978 enim
728 3908 897 4000 probatur
923 3927 968 3983 eit
992 3903 1094 4000 Resp.
1125 3910 1308 3975 lnnrcenrti'
1334 3902 1398 3979 rV.

353 4000 397 4081 ad
413 4003 590 4087 Articulos
603 4001 794 4102 quosdam,
816 4006 908 4081 circa
928 4027 1022 4100 quos
1047 4022 1164 4081 ortam
1184 4021 1399 4080 controver-

353 4099 437 4182 sum
456 4105 545 4178 inter
568 4103 880 4204 Archiepiscopom
902 4102 1165 4190 Nicofiensem,
1180 4107 1215 4178 ta
1233 4105 1306 4200 ejus
1318 4100 1400 4183 Sus

352 4199 537 4296 fraganeos
564 4201 691 4282 latinos
706 4225 751 4281 ex
768 4214 835 4280 una
853 4222 949 4298 parte
962 4259 972 4288 ,
987 4205 1022 4278 dt
1040 4202 1234 4300 Episcopos
1260 4225 1397 4300 graecos

351 4303 456 4396 regui
480 4299 592 4398 Cypri
615 4326 661 4379 ex
676 4303 802 4388 altera,
823 4304 865 4377 ad
886 4302 1013 4379 Sedens
1048 4305 1278 4399 apostolicam
1303 4321 1400 4377 retu·

351 4398 438 4476 lerat
456 4404 534 4470 Orio
553 4403 745 4484 Cardinalis
766 4400 958 4500 Episcopus
986 4401 1214 4480 Tusculanus·
1250 4399 1308 4477 De
1332 4425 1399 4478 un·

352 4499 494 4577 decimo
516 4505 561 4578 ita
576 4506 784 4601 pronuntiat
799 4503 964 4581 Pontifex
988 4500 1091 4599 Epist.
1112 4525 1156 4578 ιο
1181 4502 1225 4578 ad
1240 4491 1407 4578 eundern.

352 4596 606 4680 cardinalem:
633 4602 889 4695 „Sacerdotes
919 4619 1037 4677 autem
1068 4603 1186 4678 dicant
1201 4599 1317 4679 Horas
1329 4599 1398 4677 Ca·

350 4753 374 4790 ,,
392 4703 536 4781 nonicas
556 4725 657 4776 more
677 4701 741 4778 suo
764 4725 774 4785 ;
796 4703 853 4783 sed
879 4699 1017 4787 tllrllam
1048 4703 1252 4778 celebrare,
1290 4700 1398 4796 prius·
1444 4787 1448 4797 .

305 4836 308 4841 ·
348 4853 372 4890 „
386 4820 502 4970 squam
518 4797 680 4882 officium
702 4801 907 4881 matutinale
923 4801 1204 4900 compleretint,
1223 4825 1298 4884 non
1311 4822 1400 4897 prer-

347 4952 371 4990 „
402 4916 524 4982 entant
548 4949 582 4991 „.

782 4995 800 5079 Ι
826 4999 836 5071 i
861 5017 887 5098 4
1247 4996 1350 5081 Idem
