3892 6434
849 1066 854 1093 l

590 1251 682 1359 '540
760 1241 918 1339 Theos
955 1242 1071 1356 Dog·
1098 1239 1304 1340 &moras
1332 1242 1426 1335 Lib.
1446 1242 1506 1340 Π.

594 1424 691 1500 dona
707 1416 948 1496 nobiscollata
982 1439 1129 1494 munera
1146 1440 1165 1492 a
1186 1417 1289 1493 nobis
1302 1416 1433 1499 oblata.
1465 1414 1657 1498 Pluralitet

593 1525 691 1601 dona
709 1520 899 1603 dicuntur,
916 1520 997 1616 quia
1016 1520 1136 1612 panis,
1161 1518 1198 1591 ds
1220 1520 1342 1592 vinum
1366 1518 1653 1597 anteconsecra-

594 1626 733 1701 tionem
756 1615 896 1698 diversae
914 1616 994 1694 lunt
1012 1617 1139 1714 l'pecies
1161 1615 1436 1693 substantiarum·
1465 1616 1658 1696 Porlcon.

592 1721 823 1798 sectationem
849 1732 967 1794 autem
991 1717 1119 1810 lpecies
1145 1716 1319 1793 duntaxat
1334 1733 1553 1799 remanent,
1578 1718 1658 1796 sub·

594 1822 726 1904 llantlis
749 1819 885 1898 duabus
907 1814 1207 1892 insacrosantluns
1227 1816 1393 1913 Corpus.
1412 1819 1449 1893 de
1478 1822 1658 1899 immacu·

595 1912 1352 2016 latumSanguinensJeluChristiconverfi·
1380 1914 1482 1993 Panis
1509 1938 1656 2005 autem,

593 2022 633 2097 dc
648 2022 769 2096 ninum
791 2021 959 2093 dicuntur
977 2015 1171 2100 Sacrificia,
1186 2019 1267 2114 quia
1291 2015 1459 2094 Sacrificii
1486 2017 1570 2096 lunt
1580 2044 1657 2099 ma.

593 2123 700 2201 terias
714 2117 809 2196 unde
832 2116 916 2194 illud
931 2123 962 2183 S·
974 2120 1130 2208 cypriani
1145 2117 1205 2198 lib.
1223 2116 1269 2192 de
1280 2112 1404 2214 Opere
1416 2167 1426 2199 ,
1439 2120 1476 2193 ἀ
1496 2121 1653 2196 eleemo-

595 2218 689 2321 synis
701 2241 710 2299 :
724 2274 745 2310 „
760 2216 934 2300 Dives‚&
949 2215 1108 2309 locuples
1122 2219 1157 2292 in
1175 2214 1410 2295 Dominicum
1424 2217 1499 2293 fine
1512 2218 1653 2296 Sacrifi-

594 2322 690 2414 „cio
701 2322 795 2396 venis
807 2367 842 2409 „.
854 2315 1031 2394 Dicuntur
1045 2317 1159 2386 sanda
1170 2317 1207 2395 δι
1218 2314 1366 2402 adriana,
1384 2318 1504 2404 idest,
1517 2321 1653 2418 pura&

597 2423 888 2501 incontaminata,
900 2419 982 2513 quia
994 2418 1066 2511 jam
1080 2414 1161 2494 Deo
1173 2419 1297 2500 dicata,
1314 2418 1350 2492 da
1368 2418 1653 2506 consecrationi,

596 2537 707 2620 atque
723 2517 903 2594 Sacrificio
917 2516 1105 2610 destinata3
1126 2520 1197 2610 jam
1210 2519 1302 2613 Agni
1322 2518 1543 2595 immaculati
1557 2519 1651 2617 figna

595 2618 676 2701 lunt
689 2673 698 2702 ‚
711 2620 745 2693 in
758 2620 859 2713 cujus
872 2618 1039 2715 Corpus,
1052 2618 1089 2692 dt
1105 2619 1322 2713 Sanguinem
1338 2617 1417 2695 sunt
1435 2637 1650 2699 converten-

595 2721 712 2809 da;in
728 2719 828 2813 cujus
849 2716 1001 2815 figuram
1019 2718 1167 2792 vistimae
1192 2719 1317 2794 veteris
1343 2716 1447 2812 Legis
1475 2721 1652 2797 immacu·

536 2808 542 2833 ⁸
594 2817 673 2895 latae
686 2873 696 2904 ,
711 2819 745 2893 ta
759 2817 831 2893 line
843 2817 920 2893 labe
932 2818 1145 2910 jubebantur
1161 2816 1280 2891 offerri
1297 2841 1308 2895 3
1327 2819 1362 2893 ἃ
1381 2822 1462 2916 quia
1482 2815 1648 2916 Corpus,

593 2919 793 3011 &Sanguis
811 2915 1025 2996 Christisme
1040 2917 1176 2995 macula
1201 2915 1346 2999 cordis,
1374 2920 1409 2994 de
1438 2924 1607 3017 corporis
1628 2943 1649 2998 a

593 3016 786 3101 Sacerdote
811 3019 917 3093 debet
946 3017 1078 3092 offerri.

646 3118 866 3218 Prosequitur
888 3117 1059 3195 Sacerdos
1075 3117 1131 3195 ,da
1153 3114 1259 3193 dicit:
1283 3117 1473 3208 Inprimis,
1491 3140 1567 3215 que
1588 3114 1651 3189 ribi

589 3214 755 3309 afferimus
764 3242 823 3305 pro
839 3215 978 3303 Ecclefia
995 3236 1054 3286 tua
1071 3213 1181 3304 [aaliz
1207 3218 1390 3303 catholica,
1405 3236 1504 3313 quum
1532 3216 1652 3313 pacifi-

589 3343 688 3396 care,
712 3316 871 3396 custudire
890 3320 1059 3398 ,adunate
1085 3319 1157 3394 ,ds
1176 3340 1286 3410 regere
1304 3318 1448 3409 digneris
1476 3339 1548 3389 roto
1575 3319 1650 3390 orbe

591 3437 777 3495 terrarum,
800 3442 864 3488 nna
888 3442 960 3489 cuns
980 3413 1109 3506 farmala
1130 3435 1187 3484 tuo
1210 3423 1296 3508 Papa
1318 3415 1434 3490 nodrn.
1462 3416 1528 3495 Par
1551 3437 1649 3500 erat,

593 3537 636 3599 ut
655 3519 841 3597 offerretur
872 3521 1042 3616 imprimis
1063 3515 1281 3595 Sacrificium
1297 3541 1366 3616 pro
1397 3516 1550 3597 Ecclesra
1578 3519 1648 3597 Dei

594 3619 725 3705 sanda,
757 3618 932 3696 catholica
951 3677 960 3705 ,
983 3635 1065 3695 toto
1087 3633 1258 3695 terrarum
1284 3620 1372 3694 orbe
1394 3617 1532 3695 diffusa.
1569 3618 1647 3717 lpla

596 3722 644 3797 ell
674 3723 768 3795 enim
796 3718 998 3796 universitas
1036 3720 1215 3813 Sanguine
1247 3715 1396 3794 Domini
1437 3721 1647 3818 redempta3

595 3821 663 3915 ipta
682 3820 730 3894 est
753 3818 933 3896 hareditas
959 3843 978 3894 a
1004 3817 1102 3895 Patre
1118 3842 1149 3897 es
1172 3815 1359 3915 promissa.
1380 3822 1416 3893 dt
1440 3818 1523 3896 data
1542 3822 1647 3915 juxte

493 3970 502 3996 .
544 3971 552 3995 .
593 3919 700 3996 illud:
720 3919 813 3986 nato
834 3916 897 3987 tibi
912 3935 1025 4008 gentes
1049 3919 1269 3988 hereditatem
1291 3939 1402 3991 snam,
1430 3922 1474 3990 φ
1490 3916 1649 4014 poffiffio.

591 4042 663 4090 nrm
690 4037 778 4088 tuam
798 4020 956 4086 terminos
980 4039 1086 4089 tenta.
1131 4015 1203 4094 Pro
1235 4016 1302 4095 hac
1342 4021 1459 4116 ltaque
1490 4023 1646 4115 primum

566 4116 569 4121 ’
590 4119 697 4194 inilia
720 4119 902 4199 oblatione
927 4119 1147 4217 postulatur,
1173 4134 1213 4196 ut
1244 4141 1321 4196 eam
1343 4117 1441 4196 Deus
1474 4136 1559 4196 toto
1588 4144 1645 4198 or·

590 4220 637 4294 be
650 4218 831 4316 pacificare
861 4219 1050 4314 dignetur,
1066 4242 1111 4294 ne
1138 4241 1201 4313 per
1221 4216 1388 4305 haerel'es,
1410 4220 1444 4293 de
1464 4219 1646 4297 schismata

590 4321 667 4409 eius
690 4323 803 4396 unitas
840 4320 1025 4395 dilanietur
1051 4343 1062 4411 3
1089 4332 1150 4393 aut
1182 4315 1386 4395 adverfitate
1429 4319 1649 4414 persecutio·

593 4443 681 4495 num
703 4422 776 4512 ejus
802 4419 1032 4514 tranquillitas
1061 4418 1297 4513 perturbetur.
1328 4416 1377 4493 Ut
1399 4417 1494 4493 hanc
1522 4443 1647 4514 pacem

593 4533 667 4596 tam
689 4521 834 4595 interius
849 4541 956 4617 quam
972 4523 1126 4594 exterius
1148 4519 1250 4593 faciat
1269 4517 1368 4594 Deus
1381 4516 1544 4596 Ecclefiae
1560 4518 1647 4605 suae,

284 4698 289 4707 ,
399 4607 519 4690 'fils
538 4633 567 4696 t·
594 4620 664 4716 iple
691 4618 882 4718 Apostolus
908 4632 988 4694 orat
1006 4663 1014 4685 ·,
1030 4619 1173 4698 dicens:
1199 4626 1270 4686 Par
1286 4623 1357 4688 Dei
1365 4674 1375 4701 ‚
1397 4641 1462 4710 que
1489 4637 1648 4710 exuperat

592 4742 715 4788 omnem
729 4717 877 4804 sensum,
904 4716 1060 4790 custodiat
1082 4722 1178 4786 conda
1194 4716 1299 4798 nistra
1313 4761 1323 4791 ‚
1337 4724 1378 4786 gn
1407 4718 1646 4812 intelligentias

590 4815 714 4889 vedrae
734 4824 768 4888 in
782 4814 1021 4907 christoftrsu.
1058 4815 1103 4895 Et
1134 4841 1281 4894 omnem
1304 4813 1493 4895 Ecclesiam
1516 4819 1645 4895 offerre

395 4936 422 4987 1·
437 4912 514 4991 Tim.
530 4949 556 4994 η,
592 4918 667 4994 vult
690 4917 774 4996 Deo
797 4917 1059 5000 obsecrationes,
1083 4923 1248 4991 orationes
1274 4976 1283 5005 ,
1313 4920 1544 5008 postulationes
1571 4976 1582 5006 ,
1605 4924 1645 4992 d

583 5025 772 5108 gratiarum
794 5017 954 5106 ustiones,
988 5041 1025 5087 nt
1042 5024 1208 5110 quietam,
1233 5022 1275 5090 (l
1299 5021 1511 5108 trananllam
1537 5026 1645 5090 vitans

585 5139 716 5205 enganna
731 5122 764 5186 in
784 5123 871 5189 amni
894 5124 1032 5210 pietate.
1061 5117 1226 5210 Rogatur
1252 5122 1354 5194 etiam
1371 5117 1493 5205 Deus,
1512 5137 1553 5197 ut
1566 5145 1644 5196 eant

333 5236 431 5420 κ
584 5215 777 5305 custodire,
809 5221 962 5302 adunare
988 5273 1000 5301 ,
1026 5223 1061 5297 tt
1085 5241 1208 5316 regere
1231 5220 1410 5318 dignetur·
1450 5220 1646 5398 lplevinin
