3892 6434
526 940 595 1030 De
624 936 891 1031 sacramento
919 934 1196 1033 eucharistia.
1238 950 1242 965 ”
1320 880 1410 1048 485¹¹

348 1107 453 1189 Aliud
468 1132 556 1187 nero
572 1108 627 1185 ille
639 1134 659 1187 a
671 1108 776 1186 nobis
800 1107 914 1204 exigit
937 1106 1081 1192 lumen,
1098 1109 1228 1190 mentis
1250 1107 1402 1199 scilicet,

349 1211 451 1310 quod
466 1210 634 1291 exhibere
648 1234 721 1284 non
737 1207 875 1305 potest,
889 1204 950 1283 nisr
968 1212 1030 1308 qui
1059 1207 1180 1288 Deum
1200 1216 1398 1306 agnoverit.

349 1306 500 1387 Illorum
516 1327 632 1387 autem
664 1311 711 1385 dii
727 1363 738 1394 ,
752 1309 833 1403 quia
860 1314 989 1387 terreni
1009 1306 1110 1395 sunt,
1130 1324 1239 1406 egent
1258 1307 1402 1387 lumini·

349 1410 438 1493 bus,
458 1434 502 1485 ne
523 1411 558 1484 in
575 1411 725 1485 tenebris
745 1404 813 1482 sint
837 1452 907 1498 ‚,‚‚·
1332 1498 1334 1503 .

400 1506 462 1589 lll.
491 1507 617 1586 Calicis
632 1509 711 1590 ulus
731 1511 766 1583 in
787 1505 968 1588 Sacrificio
988 1518 1060 1582 tam
1078 1509 1267 1606 antiquus,
1285 1517 1395 1603 quam

330 1606 568 1686 ‚Sacrificium
605 1609 740 1705 ipsum.-
770 1604 939 1702 Legimus
967 1609 1064 1680 enim
1100 1609 1137 1682 in
1171 1604 1392 1704 Evangelio,

349 1706 529 1786 Christum
552 1706 753 1789 Dominum
773 1707 934 1781 nostrum
956 1708 991 1780 in
1007 1705 1129 1784 ultima
1146 1704 1279 1791 Coena,
1299 1707 1393 1803 post-

351 1831 459 1906 quam
482 1808 623 1885 tradidit
644 1806 818 1903 discipulis
839 1807 904 1883 luis
926 1805 987 1883 sub
1007 1805 1119 1901 specie
1133 1808 1237 1903 panis
1251 1804 1395 1900 Corpus

350 1909 477 1991 duum,
496 1905 662 2005 accepiffe
685 1908 850 1989 Calicem,
871 1906 907 1979 ἃ
927 1903 1058 1980 dediffe
1079 1904 1143 1980 illis
1158 1962 1168 1992 ‚
1186 1928 1228 1982 ac
1250 1902 1394 1984 dixille,

351 2024 393 2086 ut
415 2032 540 2083 ornnes
554 2030 600 2083 ex
615 2032 659 2083 eo
675 2008 833 2083 biberent
856 2006 1071 2101 Sanguinem
1086 2004 1187 2085 suum
1200 2055 1211 2089 ,
1226 2009 1288 2104 qui
1306 2025 1398 2081 rnox

350 2129 420 2204 pro
445 2105 508 2181 illia
521 2162 531 2194 ‚
545 2109 585 2182 dr
606 2130 671 2203 pro
694 2107 812 2182 multis
832 2103 1067 2189 effundendus
1081 2122 1154 2181 erat
1173 2109 1209 2181 in
1227 2102 1397 2185 remillio-

350 2230 435 2282 nem
454 2224 696 2304 peccatorum.
724 2204 839 2301 Quod
855 2203 1046 2298 Apostolus
1057 2205 1089 2279 le
1102 2200 1300 2302 accepiliea
1316 2202 1398 2281 Do-

351 2310 476 2392 mino,
496 2308 532 2380 δι
557 2305 726 2387 Fidelibus
750 2300 923 2381 tradidiiie
949 2303 1103 2380 testatur·
1129 2302 1225 2381 Hinc
1249 2284 1344 2385 betia
1363 2324 1397 2395 ς.

352 2401 598 2483 Hebdomada
619 2405 758 2490 sancta,
776 2407 813 2480 in
837 2426 907 2501 qua
929 2401 1036 2498 hujus
1065 2403 1230 2482 Sacrificii
1260 2405 1397 2482 institu-

351 2507 406 2580 tio
428 2504 616 2589 recolitur,
636 2507 778 2578 Naralrs
790 2508 910 2572 Calicis
929 2506 972 2578 ab
993 2507 1145 2601 antiquis
1158 2503 1317 2582 Patribus
1333 2527 1397 2580 ro·

353 2606 510 2686 cabatur.
545 2606 595 2684 lta
622 2625 729 2683 vocat
760 2610 792 2678 S.
810 2604 941 2694 eligius
969 2601 1225 2685 Noviomenlis
1253 2602 1397 2701 Episco·
1457 2579 1542 2644 ⁰⁸⁸¹
1562 2601 1603 2647 ‘¹

353 2727 421 2802 pue
441 2701 554 2781 Hom.
573 2724 628 2776 ιο.
652 2708 687 2780 in
704 2703 827 2789 ,Coena
853 2699 1015 2786 Domini.
1049 2705 1175 2789 Aurei,
1198 2704 1251 2779 vel
1272 2726 1397 2802 argen-
1430 2674 1606 2802 ἓξῖηῗῗῖ

352 2806 400 2879 tei
423 2804 544 2883 calices
570 2801 637 2880 elle
660 2806 791 2880 debent
820 2818 913 2890 ,aut
943 2803 1061 2880 saltem
1088 2802 1215 2879 babere
1242 2825 1398 2901 cuppam
1432 2812 1510 2882 bert

352 2920 580 2999 argenteam,
598 2908 694 2981 intus
718 2907 933 2984 inauratam,
950 2901 1051 2978 fimul
1072 2925 1156 2977 cum
1180 2916 1308 3002 patena
1339 2925 1403 3002 pa·

353 3003 436 3078 riter
458 3006 634 3089 inaurata,
656 3020 696 3079 ut
717 3005 825 3080 docet
846 3008 962 3076 ludar.
985 3005 1021 3077 in
1041 3000 1331 3085 Instrutiionibus
1356 3002 1403 3077 de

354 3101 590 3178 celebratione
619 3100 748 3188 uliffae,
764 3105 798 3178 &
813 3099 949 3180 millalis
965 3099 1120 3183 Romani
1151 3105 1299 3182 rubricae
1314 3124 1404 3198 prae·

354 3205 520 3280 scribunt·
551 3203 799 3303 Quamobrem
818 3192 906 3278 sicu!
924 3205 1120 3279 vitreorum
1133 3203 1283 3280 calicum
1299 3202 1412 3283 ulum-
1529 3253 1531 3257 ,

354 3302 541 3399 abrogavit
558 3302 704 3379 Ecclesia
720 3304 904 3410 ,quamvis
928 3302 1016 3378 olim
1036 3303 1238 3382 toleraverit
1251 3352 1261 3385 ,
1273 3301 1329 3377 vel
1352 3301 1403 3378 ob

356 3401 513 3496 inopiam
529 3400 779 3487 Ecclesrarum,
798 3402 852 3478 vel
873 3408 956 3511 quia
980 3401 1054 3478 rasa
1070 3426 1194 3485 aurea,
1218 3405 1254 3478 dr
1274 3425 1403 3499 argen-

357 3513 433 3584 tea,
452 3499 585 3596 ipsique
597 3503 719 3578 calices
734 3501 777 3579 ad
799 3503 1083 3598 redemptionem
1100 3506 1345 3599 captivorum,
1363 3500 1402 3583 dr

355 3598 560 3676 alimoniam
580 3624 775 3700 pauperum
799 3600 1112 3693 conflatifuerant3
1133 3605 1180 3685 ita
1200 3628 1296 3691 nunc
1311 3604 1403 3678 stan·

357 3721 511 3775 neorum
534 3700 684 3776 calicum
713 3699 812 3784 usum
835 3703 906 3797 jam
934 3701 1235 3803 tollit,quantunr
1264 3702 1400 3799 potest,

357 3801 518 3894 quamvis
529 3799 635 3894 hujus
649 3799 779 3899 metalli
805 3801 904 3877 ulum
916 3803 971 3895 jus
988 3806 1174 3905 antiquum
1187 3803 1308 3899 aliquo
1322 3823 1401 3877 mo-

356 3898 408 3969 do
440 3897 592 3977 toleret,
612 3923 687 3986 cap.
713 3899 761 3968 Ut
786 3899 908 3985 catix,
937 3901 1012 3977 dist·
1031 3920 1061 3971 1.
1087 3908 1125 3969 de
1149 3899 1404 3989 consecratione,

357 3993 471 4090 Cujus
493 3996 568 4072 haec
589 3998 667 4076 lunt
686 4001 813 4084 verbu
834 4055 888 4091 „„
916 3999 1018 4077 Calix
1040 3998 1213 4087 Domini,
1231 4024 1314 4083 cum
1343 4022 1405 4097 pa·

356 4093 513 4176 tena,fi
539 4114 612 4173 non
642 4120 688 4181 ex
708 4121 796 4174 auro
820 4103 972 4176 omnino
994 4147 1000 4174 ‚
1022 4124 1067 4177 ex
1095 4121 1243 4197 argento
1267 4098 1336 4179 fiat.
1368 4100 1405 4176 Si

357 4197 437 4292 quis
458 4212 576 4271 autem
598 4212 670 4274 tarn
691 4220 823 4293 pauper
854 4253 865 4284 ,
891 4199 1008 4276 saltem
1036 4201 1088 4278 vel
1119 4200 1300 4276 stanneum
1323 4201 1408 4275 cali·

357 4316 441 4376 cem
459 4294 596 4375 habeat
624 4294 681 4374 De
702 4321 785 4380 aere,
805 4300 1080 4376 &aurichalcho
1096 4325 1175 4375 non
1197 4300 1256 4377 fiat
1291 4299 1404 4385 calix.

358 4397 443 4490 quia
467 4396 516 4470 ob
538 4398 609 4471 vini
633 4401 801 4474 virtutem
826 4407 1021 4496 aeruginem
1050 4403 1168 4496 parit,
1191 4422 1270 4501 qua
1292 4402 1411 4475 vomi·
1504 4406 1509 4420 '

357 4505 436 4571 tum
470 4514 654 4590 provocat.
682 4496 810 4574 Nullus
838 4516 958 4577 autem
983 4503 1018 4574 in
1047 4500 1196 4596 ligneo,
1217 4499 1411 4587 veleitreo

358 4591 466 4676 calice
488 4595 673 4697 praesumat
696 4594 835 4681 Milium
865 4616 1007 4675 'cantare
1031 4651 1101 4692 „„.
1129 4596 1184 4677 Ex
1207 4597 1323 4679 Cone·
1341 4595 1412 4685 Ra·

360 4690 481 4802 menli,
495 4691 611 4770 nescio
633 4716 710 4797 quo
733 4696 807 4777 boc
833 4694 1032 4775 Decretum
1062 4697 1223 4786 referunt
1247 4701 1311 4768 lto
1331 4709 1414 4767 car-

357 4795 498 4874 notcnlrt
521 4815 602 4890 pag.
622 4814 656 4867 2.
680 4819 757 4893 cap,
779 4817 859 4887 131.
888 4802 924 4873 de
948 4800 1162 4869 Gratianus:
1196 4804 1243 4878 At
1270 4797 1415 4869 Ritlrar·
1605 4826 1610 4834 ·

358 4895 417 4967 dus
431 4890 1024 5079 Qanruarienlisdrclhiiefiiscopm,
1051 4904 1086 4978 S.
1099 4896 1226 4979 rhina
1243 4896 1415 5009 Martyrir
1510 4966 1538 4987 ,,

885 5012 905 5089 3
1292 5002 1363 5075 im·
1549 5058 1551 5065 .
1603 5010 1627 5029 '·

916 5064 928 5123 s
1069 5108 1075 5131 r

982 5280 1146 5359 ’.μ
