<?xml version="1.0" encoding="UTF-8"?>
<!DOCTYPE html PUBLIC "-//W3C//DTD XHTML 1.0 Transitional//EN"
    "http://www.w3.org/TR/xhtml1/DTD/xhtml1-transitional.dtd">
<html xmlns="http://www.w3.org/1999/xhtml" xml:lang="en" lang="en">
 <head>
  <title>
</title>
<meta http-equiv="Content-Type" content="text/html;charset=utf-8" />
  <meta name='ocr-system' content='tesseract 3.04.00' />
  <meta name='ocr-capabilities' content='ocr_page ocr_carea ocr_par ocr_line ocrx_word'/>
</head>
<body>
  <div class='ocr_page' id='page_1' title='image "./theologiadogmat03alexgoog_0254.png"; bbox 0 0 3892 6434; ppageno 0'>
   <div class='ocr_carea' id='block_1_1' title="bbox 348 1264 1623 4127">
    <p class='ocr_par' dir='ltr' id='par_1_1' title="bbox 348 1264 1623 4127">
     <span class='ocr_line' id='line_1_1' title="bbox 547 1264 1438 1385; baseline -0.003 -17"><span class='ocrx_word' id='word_1_1' title='bbox 547 1266 631 1383; x_wconf 77' lang='lat' dir='ltr'>&#39;vri</span> <span class='ocrx_word' id='word_1_2' title='bbox 694 1264 863 1385; x_wconf 44' lang='lat' dir='ltr'>,vireu</span> <span class='ocrx_word' id='word_1_3' title='bbox 889 1264 1061 1385; x_wconf 54' lang='lat' dir='ltr'>nogat</span> <span class='ocrx_word' id='word_1_4' title='bbox 1082 1264 1232 1362; x_wconf 70' lang='lat' dir='ltr'>nora.</span> <span class='ocrx_word' id='word_1_5' title='bbox 1260 1270 1352 1362; x_wconf 75' lang='lat' dir='ltr'>tau.</span> <span class='ocrx_word' id='word_1_6' title='bbox 1381 1271 1438 1364; x_wconf 87' lang='lat'>11.</span> 
     </span>
     <span class='ocr_line' id='line_1_2' title="bbox 545 1436 1605 1541; baseline -0.008 -18"><span class='ocrx_word' id='word_1_7' title='bbox 545 1445 581 1523; x_wconf 91' lang='lat' dir='ltr'>se</span> <span class='ocrx_word' id='word_1_8' title='bbox 594 1441 775 1522; x_wconf 90' lang='lat' dir='ltr'>conscium</span> <span class='ocrx_word' id='word_1_9' title='bbox 789 1442 912 1530; x_wconf 85' lang='lat' dir='ltr'>novit,</span> <span class='ocrx_word' id='word_1_10' title='bbox 927 1440 1101 1537; x_wconf 90' lang='lat' dir='ltr'>quamdiu</span> <span class='ocrx_word' id='word_1_11' title='bbox 1121 1444 1274 1541; x_wconf 86' lang='lat' dir='ltr'>probate</span> <span class='ocrx_word' id='word_1_12' title='bbox 1292 1466 1367 1525; x_wconf 89' lang='lat' dir='ltr'>non</span> <span class='ocrx_word' id='word_1_13' title='bbox 1386 1439 1503 1541; x_wconf 84' lang='lat' dir='ltr'>potest</span> <span class='ocrx_word' id='word_1_14' title='bbox 1515 1436 1531 1535; x_wconf 73' lang='grc'>’,</span> <span class='ocrx_word' id='word_1_15' title='bbox 1547 1446 1605 1527; x_wconf 88' lang='lat' dir='ltr'>ni.</span> 
     </span>
     <span class='ocr_line' id='line_1_3' title="bbox 545 1541 1623 1646; baseline 0 -25"><span class='ocrx_word' id='word_1_16' title='bbox 545 1544 597 1621; x_wconf 90' lang='lat' dir='ltr'>hil</span> <span class='ocrx_word' id='word_1_17' title='bbox 617 1541 798 1646; x_wconf 77' lang='lat' dir='ltr'>prosecat,</span> <span class='ocrx_word' id='word_1_18' title='bbox 820 1541 877 1619; x_wconf 86' lang='lat' dir='ltr'>sed</span> <span class='ocrx_word' id='word_1_19' title='bbox 902 1564 986 1620; x_wconf 85' lang='lat' dir='ltr'>cum</span> <span class='ocrx_word' id='word_1_20' title='bbox 1011 1541 1086 1638; x_wconf 92' lang='lat' dir='ltr'>ipso</span> <span class='ocrx_word' id='word_1_21' title='bbox 1115 1544 1161 1618; x_wconf 86' lang='lat' dir='ltr'>ad</span> <span class='ocrx_word' id='word_1_22' title='bbox 1183 1545 1502 1640; x_wconf 72' lang='lat' dir='ltr'>computvsiioncm</span> <span class='ocrx_word' id='word_1_23' title='bbox 1525 1549 1623 1641; x_wconf 83' lang='lat' dir='ltr'>ejus.</span> 
     </span>
     <span class='ocr_line' id='line_1_4' title="bbox 547 1640 1620 1739; baseline -0.005 -17"><span class='ocrx_word' id='word_1_24' title='bbox 547 1645 685 1722; x_wconf 86' lang='lat' dir='ltr'>secretis</span> <span class='ocrx_word' id='word_1_25' title='bbox 695 1644 981 1739; x_wconf 88' lang='lat' dir='ltr'>correptionibus</span> <span class='ocrx_word' id='word_1_26' title='bbox 991 1642 1167 1726; x_wconf 88' lang='lat' dir='ltr'>elaboret,</span> <span class='ocrx_word' id='word_1_27' title='bbox 1180 1642 1240 1718; x_wconf 87' lang='lat' dir='ltr'>&amp;c</span> <span class='ocrx_word' id='word_1_28' title='bbox 1259 1697 1281 1734; x_wconf 87' lang='lat'>‚,</span> <span class='ocrx_word' id='word_1_29' title='bbox 1292 1698 1326 1734; x_wconf 90' lang='lat'>„.</span> <span class='ocrx_word' id='word_1_30' title='bbox 1355 1640 1445 1719; x_wconf 82' lang='lat' dir='ltr'>item</span> <span class='ocrx_word' id='word_1_31' title='bbox 1464 1668 1495 1721; x_wconf 90' lang='lat' dir='ltr'>c.</span> <span class='ocrx_word' id='word_1_32' title='bbox 1524 1654 1620 1717; x_wconf 66' lang='lat' dir='ltr'>fia..</span> 
     </span>
     <span class='ocr_line' id='line_1_5' title="bbox 549 1738 1604 1829; baseline 0.001 -14"><span class='ocrx_word' id='word_1_33' title='bbox 549 1754 639 1829; x_wconf 78' lang='lat' dir='ltr'>tait,</span> <span class='ocrx_word' id='word_1_34' title='bbox 663 1742 816 1826; x_wconf 88' lang='lat' dir='ltr'>ibidem,</span> <span class='ocrx_word' id='word_1_35' title='bbox 860 1740 936 1818; x_wconf 92' lang='lat' dir='ltr'>uod</span> <span class='ocrx_word' id='word_1_36' title='bbox 957 1763 1004 1817; x_wconf 81' lang='lat' dir='ltr'>ex</span> <span class='ocrx_word' id='word_1_37' title='bbox 1025 1738 1231 1819; x_wconf 76' lang='lat' dir='ltr'>canonibus</span> <span class='ocrx_word' id='word_1_38' title='bbox 1261 1742 1429 1818; x_wconf 76' lang='lat' dir='ltr'>Africanis</span> <span class='ocrx_word' id='word_1_39' title='bbox 1458 1749 1493 1820; x_wconf 91' lang='lat' dir='ltr'>in</span> <span class='ocrx_word' id='word_1_40' title='bbox 1525 1745 1604 1825; x_wconf 86' lang='lat' dir='ltr'>Co.</span> 
     </span>
     <span class='ocr_line' id='line_1_6' title="bbox 549 1764 1622 1935; baseline 0.007 -15"><span class='ocrx_word' id='word_1_41' title='bbox 549 1844 630 1921; x_wconf 87' lang='lat' dir='ltr'>dice</span> <span class='ocrx_word' id='word_1_42' title='bbox 656 1839 816 1919; x_wconf 72' lang='lat' dir='ltr'>Ecclesia</span> <span class='ocrx_word' id='word_1_43' title='bbox 833 1764 1008 1918; x_wconf 72' lang='lat' dir='ltr'>Esticmae</span> <span class='ocrx_word' id='word_1_44' title='bbox 1025 1852 1108 1935; x_wconf 80' lang='lat'>132.</span> <span class='ocrx_word' id='word_1_45' title='bbox 1134 1843 1169 1917; x_wconf 81' lang='lat' dir='ltr'>dc</span> <span class='ocrx_word' id='word_1_46' title='bbox 1198 1856 1274 1929; x_wconf 83' lang='lat'>133.</span> <span class='ocrx_word' id='word_1_47' title='bbox 1312 1840 1506 1920; x_wconf 85' lang='lat' dir='ltr'>conflatum</span> <span class='ocrx_word' id='word_1_48' title='bbox 1525 1847 1622 1927; x_wconf 62' lang='lat' dir='ltr'>ests·</span> 
     </span>
     <span class='ocr_line' id='line_1_7' title="bbox 548 1937 1600 2118; baseline -0.004 -100"><span class='ocrx_word' id='word_1_49' title='bbox 548 1955 708 2118; x_wconf 49' lang='lat' dir='ltr'>fluorum</span> <span class='ocrx_word' id='word_1_50' title='bbox 735 1942 811 2018; x_wconf 87' lang='lat' dir='ltr'>haec</span> <span class='ocrx_word' id='word_1_51' title='bbox 836 1940 914 2017; x_wconf 92' lang='lat' dir='ltr'>sunt</span> <span class='ocrx_word' id='word_1_52' title='bbox 937 1943 1069 2016; x_wconf 88' lang='lat' dir='ltr'>verba:</span> <span class='ocrx_word' id='word_1_53' title='bbox 1097 1996 1153 2032; x_wconf 89' lang='lat'>„„</span> <span class='ocrx_word' id='word_1_54' title='bbox 1181 1937 1346 2029; x_wconf 79' lang='lat' dir='ltr'>Placuit,</span> <span class='ocrx_word' id='word_1_55' title='bbox 1373 1958 1414 2019; x_wconf 89' lang='lat' dir='ltr'>ut</span> <span class='ocrx_word' id='word_1_56' title='bbox 1442 1942 1600 2043; x_wconf 83' lang='lat' dir='ltr'>liquati.</span> 
     </span>
     <span class='ocr_line' id='line_1_8' title="bbox 577 2037 1603 2139; baseline 0.004 -20"><span class='ocrx_word' id='word_1_57' title='bbox 577 2067 601 2119; x_wconf 95' lang='lat' dir='ltr'>o</span> <span class='ocrx_word' id='word_1_58' title='bbox 625 2039 817 2139; x_wconf 84' lang='lat' dir='ltr'>Episcopus</span> <span class='ocrx_word' id='word_1_59' title='bbox 839 2039 956 2125; x_wconf 77' lang='lat' dir='ltr'>dicit,</span> <span class='ocrx_word' id='word_1_60' title='bbox 977 2042 1131 2137; x_wconf 83' lang='lat' dir='ltr'>aliquem</span> <span class='ocrx_word' id='word_1_61' title='bbox 1152 2037 1211 2116; x_wconf 84' lang='lat' dir='ltr'>sibi</span> <span class='ocrx_word' id='word_1_62' title='bbox 1233 2039 1295 2115; x_wconf 90' lang='lat' dir='ltr'>soli</span> <span class='ocrx_word' id='word_1_63' title='bbox 1320 2045 1507 2139; x_wconf 87' lang='lat' dir='ltr'>proprium</span> <span class='ocrx_word' id='word_1_64' title='bbox 1533 2046 1603 2123; x_wconf 93' lang='lat' dir='ltr'>cti·</span> 
     </span>
     <span class='ocr_line' id='line_1_9' title="bbox 412 2137 1601 2239; baseline 0.004 -20"><span class='ocrx_word' id='word_1_65' title='bbox 412 2200 414 2205; x_wconf 86' lang='lat'>-</span> <span class='ocrx_word' id='word_1_66' title='bbox 549 2165 634 2219; x_wconf 84' lang='lat' dir='ltr'>men</span> <span class='ocrx_word' id='word_1_67' title='bbox 654 2138 753 2217; x_wconf 76' lang='lat' dir='ltr'>sullis</span> <span class='ocrx_word' id='word_1_68' title='bbox 773 2137 993 2225; x_wconf 83' lang='lat' dir='ltr'>consessum,</span> <span class='ocrx_word' id='word_1_69' title='bbox 1014 2159 1120 2234; x_wconf 86' lang='lat' dir='ltr'>atque</span> <span class='ocrx_word' id='word_1_70' title='bbox 1140 2138 1195 2216; x_wconf 90' lang='lat' dir='ltr'>ille</span> <span class='ocrx_word' id='word_1_71' title='bbox 1215 2159 1347 2238; x_wconf 89' lang='lat' dir='ltr'>neget,</span> <span class='ocrx_word' id='word_1_72' title='bbox 1367 2143 1403 2217; x_wconf 80' lang='lat' dir='ltr'>dt</span> <span class='ocrx_word' id='word_1_73' title='bbox 1424 2147 1601 2239; x_wconf 80' lang='lat' dir='ltr'>poenitete</span> 
     </span>
     <span class='ocr_line' id='line_1_10' title="bbox 550 2237 1621 2342; baseline 0.004 -24"><span class='ocrx_word' id='word_1_74' title='bbox 550 2244 819 2334; x_wconf 82' lang='lat' dir='ltr'>noluerit3non</span> <span class='ocrx_word' id='word_1_75' title='bbox 832 2253 934 2337; x_wconf 89' lang='lat' dir='ltr'>putet</span> <span class='ocrx_word' id='word_1_76' title='bbox 955 2238 1174 2333; x_wconf 85' lang='lat' dir='ltr'>adinjutiam</span> <span class='ocrx_word' id='word_1_77' title='bbox 1193 2237 1288 2316; x_wconf 92' lang='lat' dir='ltr'>suam</span> <span class='ocrx_word' id='word_1_78' title='bbox 1308 2240 1498 2341; x_wconf 75' lang='lat' dir='ltr'>Episcopus</span> <span class='ocrx_word' id='word_1_79' title='bbox 1518 2261 1621 2342; x_wconf 53' lang='lat' dir='ltr'>pet-2</span> 
     </span>
     <span class='ocr_line' id='line_1_11' title="bbox 550 2336 1599 2442; baseline 0.006 -25"><span class='ocrx_word' id='word_1_80' title='bbox 550 2344 687 2423; x_wconf 86' lang='lat' dir='ltr'>tinere,</span> <span class='ocrx_word' id='word_1_81' title='bbox 705 2340 804 2441; x_wconf 86' lang='lat' dir='ltr'>quod</span> <span class='ocrx_word' id='word_1_82' title='bbox 821 2339 867 2414; x_wconf 87' lang='lat' dir='ltr'>illi</span> <span class='ocrx_word' id='word_1_83' title='bbox 882 2337 944 2413; x_wconf 89' lang='lat' dir='ltr'>soli</span> <span class='ocrx_word' id='word_1_84' title='bbox 962 2361 1037 2414; x_wconf 89' lang='lat' dir='ltr'>non</span> <span class='ocrx_word' id='word_1_85' title='bbox 1056 2338 1208 2415; x_wconf 88' lang='lat' dir='ltr'>creditur</span> <span class='ocrx_word' id='word_1_86' title='bbox 1222 2393 1232 2424; x_wconf 92' lang='lat'>,</span> <span class='ocrx_word' id='word_1_87' title='bbox 1245 2336 1309 2415; x_wconf 83' lang='lat' dir='ltr'>etfi</span> <span class='ocrx_word' id='word_1_88' title='bbox 1327 2340 1492 2437; x_wconf 88' lang='lat' dir='ltr'>scrupulo</span> <span class='ocrx_word' id='word_1_89' title='bbox 1508 2364 1599 2442; x_wconf 89' lang='lat' dir='ltr'>pto-</span> 
     </span>
     <span class='ocr_line' id='line_1_12' title="bbox 549 2436 1598 2539; baseline 0.008 -26"><span class='ocrx_word' id='word_1_90' title='bbox 549 2443 634 2539; x_wconf 86' lang='lat' dir='ltr'>pviae</span> <span class='ocrx_word' id='word_1_91' title='bbox 644 2440 864 2516; x_wconf 71' lang='lat' dir='ltr'>conscientiae</span> <span class='ocrx_word' id='word_1_92' title='bbox 874 2436 906 2512; x_wconf 87' lang='lat' dir='ltr'>se</span> <span class='ocrx_word' id='word_1_93' title='bbox 917 2438 1003 2513; x_wconf 89' lang='lat' dir='ltr'>dicit</span> <span class='ocrx_word' id='word_1_94' title='bbox 1015 2440 1159 2535; x_wconf 86' lang='lat' dir='ltr'>neganti</span> <span class='ocrx_word' id='word_1_95' title='bbox 1170 2438 1571 2535; x_wconf 73' lang='lat' dir='ltr'>nollecommunicato.</span> <span class='ocrx_word' id='word_1_96' title='bbox 1586 2498 1598 2521; x_wconf 90' lang='lat'><strong>.</strong></span> 
     </span>
     <span class='ocr_line' id='line_1_13' title="bbox 550 2539 1599 2634; baseline 0.004 -19"><span class='ocrx_word' id='word_1_97' title='bbox 550 2539 734 2634; x_wconf 86' lang='lat' dir='ltr'>Quamdiu</span> <span class='ocrx_word' id='word_1_98' title='bbox 748 2540 1065 2614; x_wconf 85' lang='lat' dir='ltr'>excommunicato</span> <span class='ocrx_word' id='word_1_99' title='bbox 1090 2560 1164 2613; x_wconf 91' lang='lat' dir='ltr'>non</span> <span class='ocrx_word' id='word_1_100' title='bbox 1183 2543 1502 2617; x_wconf 81' lang='lat' dir='ltr'>communicaverit</span> <span class='ocrx_word' id='word_1_101' title='bbox 1516 2541 1599 2621; x_wconf 83' lang='lat' dir='ltr'>suus</span> 
     </span>
     <span class='ocr_line' id='line_1_14' title="bbox 497 2634 1600 2738; baseline -0.003 -25"><span class='ocrx_word' id='word_1_102' title='bbox 497 2671 500 2678; x_wconf 93' lang='lat'>·</span> <span class='ocrx_word' id='word_1_103' title='bbox 547 2637 765 2738; x_wconf 77' lang='lat' dir='ltr'>Episcopus,</span> <span class='ocrx_word' id='word_1_104' title='bbox 788 2635 901 2712; x_wconf 90' lang='lat' dir='ltr'>eidem</span> <span class='ocrx_word' id='word_1_105' title='bbox 921 2634 1098 2733; x_wconf 83' lang='lat' dir='ltr'>Episcopo</span> <span class='ocrx_word' id='word_1_106' title='bbox 1112 2638 1156 2711; x_wconf 87' lang='lat' dir='ltr'>ab</span> <span class='ocrx_word' id='word_1_107' title='bbox 1166 2637 1238 2712; x_wconf 92' lang='lat' dir='ltr'>aliis</span> <span class='ocrx_word' id='word_1_108' title='bbox 1256 2660 1330 2712; x_wconf 92' lang='lat' dir='ltr'>non</span> <span class='ocrx_word' id='word_1_109' title='bbox 1352 2645 1600 2720; x_wconf 83' lang='lat' dir='ltr'>communice.</span> 
     </span>
     <span class='ocr_line' id='line_1_15' title="bbox 550 2736 1623 2834; baseline 0.001 -18"><span class='ocrx_word' id='word_1_110' title='bbox 550 2754 608 2816; x_wconf 92' lang='lat' dir='ltr'>tut</span> <span class='ocrx_word' id='word_1_111' title='bbox 631 2736 834 2832; x_wconf 80' lang='lat' dir='ltr'>Epii&#39;copis3</span> <span class='ocrx_word' id='word_1_112' title='bbox 855 2751 896 2812; x_wconf 92' lang='lat' dir='ltr'>ut</span> <span class='ocrx_word' id='word_1_113' title='bbox 917 2743 1028 2830; x_wconf 87' lang='lat' dir='ltr'>magis</span> <span class='ocrx_word' id='word_1_114' title='bbox 1045 2757 1164 2812; x_wconf 85' lang='lat' dir='ltr'>caveat</span> <span class='ocrx_word' id='word_1_115' title='bbox 1190 2736 1382 2834; x_wconf 83' lang='lat' dir='ltr'>Episcopus</span> <span class='ocrx_word' id='word_1_116' title='bbox 1400 2782 1411 2814; x_wconf 71' lang='lat'><em>2</em></span> <span class='ocrx_word' id='word_1_117' title='bbox 1432 2764 1477 2814; x_wconf 90' lang='lat' dir='ltr'>ne</span> <span class='ocrx_word' id='word_1_118' title='bbox 1500 2742 1623 2821; x_wconf 72' lang='lat' dir='ltr'>dicas.</span> 
     </span>
     <span class='ocr_line' id='line_1_16' title="bbox 547 2835 1596 2934; baseline 0.008 -21"><span class='ocrx_word' id='word_1_119' title='bbox 547 2840 584 2914; x_wconf 89' lang='lat' dir='ltr'>in</span> <span class='ocrx_word' id='word_1_120' title='bbox 598 2858 814 2934; x_wconf 81' lang='lat' dir='ltr'>quemquam</span> <span class='ocrx_word' id='word_1_121' title='bbox 828 2890 838 2921; x_wconf 97' lang='lat'>,</span> <span class='ocrx_word' id='word_1_122' title='bbox 850 2837 951 2933; x_wconf 91' lang='lat' dir='ltr'>quod</span> <span class='ocrx_word' id='word_1_123' title='bbox 965 2835 1036 2912; x_wconf 88' lang='lat' dir='ltr'>aliis</span> <span class='ocrx_word' id='word_1_124' title='bbox 1046 2835 1273 2912; x_wconf 86' lang='lat' dir='ltr'>documentis</span> <span class='ocrx_word' id='word_1_125' title='bbox 1289 2841 1504 2915; x_wconf 81' lang='lat' dir='ltr'>convincere</span> <span class='ocrx_word' id='word_1_126' title='bbox 1518 2862 1596 2921; x_wconf 85' lang='lat' dir='ltr'>nou</span> 
     </span>
     <span class='ocr_line' id='line_1_17' title="bbox 547 2929 1597 3058; baseline 0.001 -47"><span class='ocrx_word' id='word_1_127' title='bbox 547 2929 665 3034; x_wconf 68' lang='lat' dir='ltr'>potest</span> <span class='ocrx_word' id='word_1_128' title='bbox 687 2993 708 3028; x_wconf 83' lang='lat'>„</span> <span class='ocrx_word' id='word_1_129' title='bbox 725 2985 761 3028; x_wconf 82' lang='lat'>‚‚·</span> <span class='ocrx_word' id='word_1_130' title='bbox 788 2933 877 3011; x_wconf 84' lang='lat' dir='ltr'>item</span> <span class='ocrx_word' id='word_1_131' title='bbox 900 2956 948 3010; x_wconf 85' lang='lat' dir='ltr'>cx</span> <span class='ocrx_word' id='word_1_132' title='bbox 968 2958 998 3010; x_wconf 89' lang='lat' dir='ltr'>c.</span> <span class='ocrx_word' id='word_1_133' title='bbox 1024 2940 1060 3058; x_wconf 55' lang='lat' dir='ltr'>fi</span> <span class='ocrx_word' id='word_1_134' title='bbox 1083 2932 1236 3004; x_wconf 69' lang='lat' dir='ltr'>Sacerdos</span> <span class='ocrx_word' id='word_1_135' title='bbox 1244 2984 1259 3041; x_wconf 73' lang='grc'>1,</span> <span class='ocrx_word' id='word_1_136' title='bbox 1281 2934 1410 3021; x_wconf 79' lang='lat' dir='ltr'>Extra,</span> <span class='ocrx_word' id='word_1_137' title='bbox 1425 2944 1463 3006; x_wconf 89' lang='lat' dir='ltr'>de</span> <span class='ocrx_word' id='word_1_138' title='bbox 1480 2934 1597 3029; x_wconf 81' lang='lat' dir='ltr'>Officio</span> 
     </span>
     <span class='ocr_line' id='line_1_18' title="bbox 356 3032 1596 3147; baseline 0.008 -43"><span class='ocrx_word' id='word_1_139' title='bbox 356 3124 365 3147; x_wconf 33' lang='grc' dir='ltr'>α</span> <span class='ocrx_word' id='word_1_140' title='bbox 490 3051 492 3055; x_wconf 78' lang='grc'><strong>“</strong></span> <span class='ocrx_word' id='word_1_141' title='bbox 546 3038 688 3129; x_wconf 66' lang='lat' dir='ltr'>Judtcis</span> <span class='ocrx_word' id='word_1_142' title='bbox 709 3037 897 3115; x_wconf 81' lang='lat' dir='ltr'>ordinarii,</span> <span class='ocrx_word' id='word_1_143' title='bbox 915 3035 976 3110; x_wconf 83' lang='lat' dir='ltr'>ubi</span> <span class='ocrx_word' id='word_1_144' title='bbox 997 3035 1161 3128; x_wconf 79' lang='lat' dir='ltr'>Eugeniur</span> <span class='ocrx_word' id='word_1_145' title='bbox 1188 3032 1355 3111; x_wconf 81' lang='lat' dir='ltr'>Pontifex</span> <span class='ocrx_word' id='word_1_146' title='bbox 1378 3040 1423 3112; x_wconf 85' lang='lat' dir='ltr'>ita</span> <span class='ocrx_word' id='word_1_147' title='bbox 1453 3039 1596 3116; x_wconf 76' lang='lat' dir='ltr'>statuit:</span> 
     </span>
     <span class='ocr_line' id='line_1_19' title="bbox 544 3132 1599 3339; baseline 0.002 -27"><span class='ocrx_word' id='word_1_148' title='bbox 544 3133 869 3327; x_wconf 61' lang='lat' dir='ltr'>in’iuiifsiilis}</span> <span class='ocrx_word' id='word_1_149' title='bbox 884 3132 977 3326; x_wconf 65' lang='lat' dir='ltr'>,sili</span> <span class='ocrx_word' id='word_1_150' title='bbox 1001 3138 1386 3319; x_wconf 58' lang='lat' dir='ltr'>lfloiiilslilli,</span> <span class='ocrx_word' id='word_1_151' title='bbox 1402 3134 1599 3339; x_wconf 42' lang='lat' dir='ltr'>Eis-ils</span> 
     </span>
     <span class='ocr_line' id='line_1_20' title="bbox 399 3324 1596 3436; baseline 0.004 -25"><span class='ocrx_word' id='word_1_152' title='bbox 399 3324 416 3361; x_wconf 78' lang='lat'><strong><em>¹</em></strong></span> <span class='ocrx_word' id='word_1_153' title='bbox 547 3335 631 3415; x_wconf 87' lang='lat' dir='ltr'>date</span> <span class='ocrx_word' id='word_1_154' title='bbox 649 3334 804 3413; x_wconf 90' lang='lat' dir='ltr'>noluerit</span> <span class='ocrx_word' id='word_1_155' title='bbox 821 3359 831 3428; x_wconf 91' lang='lat'>;</span> <span class='ocrx_word' id='word_1_156' title='bbox 849 3333 910 3409; x_wconf 84' lang='lat' dir='ltr'>nist</span> <span class='ocrx_word' id='word_1_157' title='bbox 922 3333 1107 3429; x_wconf 84' lang='lat' dir='ltr'>judiciario</span> <span class='ocrx_word' id='word_1_158' title='bbox 1122 3337 1246 3408; x_wconf 88' lang='lat' dir='ltr'>ordine</span> <span class='ocrx_word' id='word_1_159' title='bbox 1261 3337 1338 3432; x_wconf 84' lang='lat' dir='ltr'>quis</span> <span class='ocrx_word' id='word_1_160' title='bbox 1352 3337 1500 3430; x_wconf 86' lang='lat' dir='ltr'>probate</span> <span class='ocrx_word' id='word_1_161' title='bbox 1513 3334 1596 3436; x_wconf 92' lang='lat' dir='ltr'>pos·</span> 
     </span>
     <span class='ocr_line' id='line_1_21' title="bbox 548 3433 1593 3530; baseline 0.003 -18"><span class='ocrx_word' id='word_1_162' title='bbox 548 3433 612 3515; x_wconf 84' lang='lat' dir='ltr'>fit,</span> <span class='ocrx_word' id='word_1_163' title='bbox 630 3460 707 3512; x_wconf 91' lang='lat' dir='ltr'>non</span> <span class='ocrx_word' id='word_1_164' title='bbox 724 3436 927 3511; x_wconf 84' lang='lat' dir='ltr'>debetcum</span> <span class='ocrx_word' id='word_1_165' title='bbox 948 3457 1095 3530; x_wconf 88' lang='lat' dir='ltr'>arguere</span> <span class='ocrx_word' id='word_1_166' title='bbox 1117 3436 1346 3518; x_wconf 87' lang='lat' dir='ltr'>nominatim,</span> <span class='ocrx_word' id='word_1_167' title='bbox 1366 3433 1422 3510; x_wconf 89' lang='lat' dir='ltr'>sed</span> <span class='ocrx_word' id='word_1_168' title='bbox 1440 3438 1593 3514; x_wconf 88' lang='lat' dir='ltr'>indeter-</span> 
     </span>
     <span class='ocr_line' id='line_1_22' title="bbox 348 3532 1596 3628; baseline -0.01 -13"><span class='ocrx_word' id='word_1_169' title='bbox 348 3542 531 3628; x_wconf 66' lang='lat' dir='ltr'>Jvautmr.</span> <span class='ocrx_word' id='word_1_170' title='bbox 551 3538 707 3624; x_wconf 80' lang='lat' dir='ltr'>minare3</span> <span class='ocrx_word' id='word_1_171' title='bbox 733 3534 820 3612; x_wconf 82' lang='lat' dir='ltr'>sicut</span> <span class='ocrx_word' id='word_1_172' title='bbox 841 3533 929 3607; x_wconf 79' lang='lat' dir='ltr'>dixit</span> <span class='ocrx_word' id='word_1_173' title='bbox 949 3532 1126 3609; x_wconf 79' lang='lat' dir='ltr'>Christus:</span> <span class='ocrx_word' id='word_1_174' title='bbox 1148 3535 1237 3602; x_wconf 79' lang='lat' dir='ltr'>Unus</span> <span class='ocrx_word' id='word_1_175' title='bbox 1254 3532 1396 3608; x_wconf 71' lang='lat' dir='ltr'>vellium</span> <span class='ocrx_word' id='word_1_176' title='bbox 1418 3560 1466 3604; x_wconf 75' lang='lat' dir='ltr'>me</span> <span class='ocrx_word' id='word_1_177' title='bbox 1483 3541 1596 3608; x_wconf 77' lang='lat' dir='ltr'>tradi.</span> 
     </span>
     <span class='ocr_line' id='line_1_23' title="bbox 550 3631 1594 3733; baseline 0.005 -25"><span class='ocrx_word' id='word_1_178' title='bbox 550 3655 646 3708; x_wconf 85' lang='lat' dir='ltr'>turus</span> <span class='ocrx_word' id='word_1_179' title='bbox 667 3632 722 3715; x_wconf 79' lang='lat' dir='ltr'>esi.</span> <span class='ocrx_word' id='word_1_180' title='bbox 759 3636 827 3710; x_wconf 87' lang='lat' dir='ltr'>Sed</span> <span class='ocrx_word' id='word_1_181' title='bbox 847 3633 871 3707; x_wconf 90' lang='lat' dir='ltr'>li</span> <span class='ocrx_word' id='word_1_182' title='bbox 894 3631 976 3717; x_wconf 90' lang='lat' dir='ltr'>ille,</span> <span class='ocrx_word' id='word_1_183' title='bbox 1000 3635 1055 3708; x_wconf 84' lang='lat' dir='ltr'>cui</span> <span class='ocrx_word' id='word_1_184' title='bbox 1085 3632 1253 3708; x_wconf 92' lang='lat' dir='ltr'>damnum</span> <span class='ocrx_word' id='word_1_185' title='bbox 1273 3633 1406 3733; x_wconf 85' lang='lat' dir='ltr'>illarum</span> <span class='ocrx_word' id='word_1_186' title='bbox 1434 3635 1508 3711; x_wconf 67' lang='lat' dir='ltr'>est,</span> <span class='ocrx_word' id='word_1_187' title='bbox 1527 3660 1594 3731; x_wconf 88' lang='lat' dir='ltr'>pe·</span> 
     </span>
     <span class='ocr_line' id='line_1_24' title="bbox 550 3731 1617 3828; baseline 0.002 -16"><span class='ocrx_word' id='word_1_188' title='bbox 550 3737 645 3812; x_wconf 84' lang='lat' dir='ltr'>tietit</span> <span class='ocrx_word' id='word_1_189' title='bbox 678 3734 844 3828; x_wconf 86' lang='lat' dir='ltr'>justitiam</span> <span class='ocrx_word' id='word_1_190' title='bbox 874 3788 884 3817; x_wconf 89' lang='lat'>,</span> <span class='ocrx_word' id='word_1_191' title='bbox 914 3731 1029 3827; x_wconf 88' lang='lat' dir='ltr'>potest</span> <span class='ocrx_word' id='word_1_192' title='bbox 1062 3737 1374 3808; x_wconf 79' lang='lat' dir='ltr'>escotnmunicare</span> <span class='ocrx_word' id='word_1_193' title='bbox 1408 3734 1617 3814; x_wconf 68' lang='lat' dir='ltr'>aussorem-</span> 
     </span>
     <span class='ocr_line' id='line_1_25' title="bbox 549 3829 1592 3931; baseline 0.003 -21"><span class='ocrx_word' id='word_1_194' title='bbox 549 3833 694 3919; x_wconf 92' lang='lat' dir='ltr'>damni,</span> <span class='ocrx_word' id='word_1_195' title='bbox 710 3833 792 3909; x_wconf 87' lang='lat' dir='ltr'>licet</span> <span class='ocrx_word' id='word_1_196' title='bbox 815 3833 920 3907; x_wconf 89' lang='lat' dir='ltr'>etiam</span> <span class='ocrx_word' id='word_1_197' title='bbox 942 3833 972 3904; x_wconf 89' lang='lat' dir='ltr'>ei</span> <span class='ocrx_word' id='word_1_198' title='bbox 997 3829 1171 3906; x_wconf 87' lang='lat' dir='ltr'>consessus</span> <span class='ocrx_word' id='word_1_199' title='bbox 1194 3831 1254 3912; x_wconf 85' lang='lat' dir='ltr'>srt;</span> <span class='ocrx_word' id='word_1_200' title='bbox 1275 3833 1331 3931; x_wconf 89' lang='lat' dir='ltr'>led</span> <span class='ocrx_word' id='word_1_201' title='bbox 1361 3852 1479 3908; x_wconf 88' lang='lat' dir='ltr'>tamen</span> <span class='ocrx_word' id='word_1_202' title='bbox 1513 3858 1592 3913; x_wconf 87' lang='lat' dir='ltr'>nou</span> 
     </span>
     <span class='ocr_line' id='line_1_26' title="bbox 547 3929 1592 4029; baseline 0 -19"><span class='ocrx_word' id='word_1_203' title='bbox 547 3936 760 4010; x_wconf 85' lang='lat' dir='ltr'>nominatim</span> <span class='ocrx_word' id='word_1_204' title='bbox 781 3931 897 4029; x_wconf 86' lang='lat' dir='ltr'>potest</span> <span class='ocrx_word' id='word_1_205' title='bbox 914 3954 997 4006; x_wconf 87' lang='lat' dir='ltr'>eum</span> <span class='ocrx_word' id='word_1_206' title='bbox 1018 3951 1200 4006; x_wconf 82' lang='lat' dir='ltr'>removere</span> <span class='ocrx_word' id='word_1_207' title='bbox 1214 3956 1232 4006; x_wconf 93' lang='lat' dir='ltr'>a</span> <span class='ocrx_word' id='word_1_208' title='bbox 1247 3929 1535 4017; x_wconf 80' lang='lat' dir='ltr'>communione,</span> <span class='ocrx_word' id='word_1_209' title='bbox 1551 3935 1592 4010; x_wconf 89' lang='lat' dir='ltr'>li·</span> 
     </span>
     <span class='ocr_line' id='line_1_27' title="bbox 548 4027 1590 4127; baseline 0 -18"><span class='ocrx_word' id='word_1_210' title='bbox 548 4047 605 4109; x_wconf 88' lang='lat' dir='ltr'>cet</span> <span class='ocrx_word' id='word_1_211' title='bbox 620 4034 701 4108; x_wconf 90' lang='lat' dir='ltr'>sciat</span> <span class='ocrx_word' id='word_1_212' title='bbox 721 4055 802 4109; x_wconf 86' lang='lat' dir='ltr'>eum</span> <span class='ocrx_word' id='word_1_213' title='bbox 822 4027 887 4104; x_wconf 79' lang='lat' dir='ltr'>elie</span> <span class='ocrx_word' id='word_1_214' title='bbox 908 4052 1028 4111; x_wconf 81' lang='lat' dir='ltr'>teum3</span> <span class='ocrx_word' id='word_1_215' title='bbox 1047 4034 1126 4123; x_wconf 90' lang='lat' dir='ltr'>quia</span> <span class='ocrx_word' id='word_1_216' title='bbox 1149 4055 1222 4104; x_wconf 88' lang='lat' dir='ltr'>non</span> <span class='ocrx_word' id='word_1_217' title='bbox 1240 4050 1278 4106; x_wconf 93' lang='lat' dir='ltr'>ut</span> <span class='ocrx_word' id='word_1_218' title='bbox 1296 4029 1415 4127; x_wconf 77' lang='lat' dir='ltr'>judex</span> <span class='ocrx_word' id='word_1_219' title='bbox 1433 4030 1515 4117; x_wconf 91' lang='lat' dir='ltr'>scit,</span> <span class='ocrx_word' id='word_1_220' title='bbox 1531 4033 1590 4110; x_wconf 83' lang='lat' dir='ltr'>sed</span> 
     </span>
    </p>
   </div>
   <div class='ocr_carea' id='block_1_2' title="bbox 545 4129 1598 4331">
    <p class='ocr_par' dir='ltr' id='par_1_2' title="bbox 545 4129 1598 4331">
     <span class='ocr_line' id='line_1_28' title="bbox 546 4129 1598 4228; baseline -0.001 -19"><span class='ocrx_word' id='word_1_221' title='bbox 546 4148 588 4209; x_wconf 90' lang='lat' dir='ltr'>ut</span> <span class='ocrx_word' id='word_1_222' title='bbox 612 4129 734 4222; x_wconf 86' lang='lat' dir='ltr'>Deus;</span> <span class='ocrx_word' id='word_1_223' title='bbox 759 4131 814 4206; x_wconf 91' lang='lat' dir='ltr'>sed</span> <span class='ocrx_word' id='word_1_224' title='bbox 840 4132 1045 4205; x_wconf 77' lang='lat' dir='ltr'>debetcum</span> <span class='ocrx_word' id='word_1_225' title='bbox 1069 4131 1286 4204; x_wconf 68' lang='lat' dir='ltr'>admonete,</span> <span class='ocrx_word' id='word_1_226' title='bbox 1309 4156 1354 4204; x_wconf 87' lang='lat' dir='ltr'>ne</span> <span class='ocrx_word' id='word_1_227' title='bbox 1375 4131 1406 4204; x_wconf 88' lang='lat' dir='ltr'>se</span> <span class='ocrx_word' id='word_1_228' title='bbox 1425 4136 1563 4228; x_wconf 86' lang='lat' dir='ltr'>ingerat</span> <span class='ocrx_word' id='word_1_229' title='bbox 1575 4154 1598 4228; x_wconf 62' lang='lat'><em>3</em></span> 
     </span>
     <span class='ocr_line' id='line_1_29' title="bbox 545 4227 1566 4331; baseline -0.007 -22"><span class='ocrx_word' id='word_1_230' title='bbox 545 4233 627 4331; x_wconf 86' lang='lat' dir='ltr'>quia</span> <span class='ocrx_word' id='word_1_231' title='bbox 639 4255 705 4308; x_wconf 91' lang='lat' dir='ltr'>nec</span> <span class='ocrx_word' id='word_1_232' title='bbox 716 4230 872 4310; x_wconf 84' lang='lat' dir='ltr'>Christus</span> <span class='ocrx_word' id='word_1_233' title='bbox 881 4227 1484 4325; x_wconf 84' lang='lat' dir='ltr'>JudamaCommunionetemovit</span> <span class='ocrx_word' id='word_1_234' title='bbox 1496 4274 1566 4324; x_wconf 80' lang='lat'><strong>„·‚‚.</strong></span> 
     </span>
    </p>
   </div>
   <div class='ocr_carea' id='block_1_3' title="bbox 831 4382 1312 4463">
    <p class='ocr_par' dir='ltr' id='par_1_3' title="bbox 831 4382 1312 4463">
     <span class='ocr_line' id='line_1_30' title="bbox 831 4382 1312 4463; baseline -0.015 0"><span class='ocrx_word' id='word_1_235' title='bbox 831 4383 1156 4463; x_wconf 84' lang='lat' dir='ltr'>REGULA</span> <span class='ocrx_word' id='word_1_236' title='bbox 1207 4382 1312 4462; x_wconf 88' lang='lat' dir='ltr'>lii.</span> 
     </span>
    </p>
   </div>
   <div class='ocr_carea' id='block_1_4' title="bbox 275 4541 1588 5467">
    <p class='ocr_par' dir='ltr' id='par_1_4' title="bbox 275 4541 1588 5467">
     <span class='ocr_line' id='line_1_31' title="bbox 504 4541 1588 4703; baseline 0.005 -86"><span class='ocrx_word' id='word_1_237' title='bbox 504 4562 510 4578; x_wconf 92' lang='lat'><strong>·</strong></span> <span class='ocrx_word' id='word_1_238' title='bbox 546 4541 622 4703; x_wconf 84' lang='lat' dir='ltr'>Si</span> <span class='ocrx_word' id='word_1_239' title='bbox 646 4557 815 4639; x_wconf 81' lang='lat' dir='ltr'>peccator</span> <span class='ocrx_word' id='word_1_240' title='bbox 843 4543 1139 4636; x_wconf 56' lang='lat' dir='ltr'>occultusrcujus</span> <span class='ocrx_word' id='word_1_241' title='bbox 1156 4544 1289 4618; x_wconf 89' lang='lat' dir='ltr'>crimen</span> <span class='ocrx_word' id='word_1_242' title='bbox 1320 4541 1502 4620; x_wconf 86' lang='lat' dir='ltr'>Sacerdoti</span> <span class='ocrx_word' id='word_1_243' title='bbox 1519 4566 1588 4622; x_wconf 89' lang='lat' dir='ltr'>no·</span> 
     </span>
     <span class='ocr_line' id='line_1_32' title="bbox 624 4640 1588 4747; baseline 0.002 -28"><span class='ocrx_word' id='word_1_244' title='bbox 624 4663 700 4720; x_wconf 86' lang='lat' dir='ltr'>tum</span> <span class='ocrx_word' id='word_1_245' title='bbox 723 4645 789 4723; x_wconf 84' lang='lat' dir='ltr'>ell,</span> <span class='ocrx_word' id='word_1_246' title='bbox 813 4640 1058 4747; x_wconf 68' lang='lat' dir='ltr'>Euchariston</span> <span class='ocrx_word' id='word_1_247' title='bbox 1071 4647 1106 4717; x_wconf 90' lang='lat' dir='ltr'>in</span> <span class='ocrx_word' id='word_1_248' title='bbox 1123 4647 1269 4716; x_wconf 90' lang='lat' dir='ltr'>occuito</span> <span class='ocrx_word' id='word_1_249' title='bbox 1291 4660 1409 4739; x_wconf 77' lang='lat' dir='ltr'>petat,</span> <span class='ocrx_word' id='word_1_250' title='bbox 1430 4640 1588 4722; x_wconf 83' lang='lat' dir='ltr'>deberes</span> 
     </span>
     <span class='ocr_line' id='line_1_33' title="bbox 545 4744 1371 4840; baseline -0.008 -22"><span class='ocrx_word' id='word_1_251' title='bbox 545 4744 744 4840; x_wconf 88' lang='lat' dir='ltr'>denegare,</span> <span class='ocrx_word' id='word_1_252' title='bbox 774 4744 807 4817; x_wconf 74' lang='grc' dir='ltr'>δι</span> <span class='ocrx_word' id='word_1_253' title='bbox 835 4762 1008 4823; x_wconf 82' lang='lat' dir='ltr'>munere,</span> <span class='ocrx_word' id='word_1_254' title='bbox 1034 4767 1078 4815; x_wconf 89' lang='lat' dir='ltr'>ne</span> <span class='ocrx_word' id='word_1_255' title='bbox 1102 4746 1242 4839; x_wconf 88' lang='lat' dir='ltr'>publice</span> <span class='ocrx_word' id='word_1_256' title='bbox 1264 4760 1371 4837; x_wconf 87' lang='lat' dir='ltr'>petat.</span> 
     </span>
     <span class='ocr_line' id='line_1_34' title="bbox 596 4840 1580 4943; baseline -0.003 -24"><span class='ocrx_word' id='word_1_257' title='bbox 596 4842 687 4943; x_wconf 68' lang='lat' dir='ltr'>lta-v.</span> <span class='ocrx_word' id='word_1_258' title='bbox 702 4843 841 4938; x_wconf 17' lang='lat' dir='ltr'>*Tltotnat</span> <span class='ocrx_word' id='word_1_259' title='bbox 867 4847 903 4915; x_wconf 88' lang='lat' dir='ltr'>in</span> <span class='ocrx_word' id='word_1_260' title='bbox 930 4863 964 4932; x_wconf 82' lang='lat'>4.</span> <span class='ocrx_word' id='word_1_261' title='bbox 991 4841 1272 4925; x_wconf 83' lang='lat' dir='ltr'>Sententiarum,</span> <span class='ocrx_word' id='word_1_262' title='bbox 1296 4840 1384 4916; x_wconf 76' lang='lat' dir='ltr'>iiiii.</span> <span class='ocrx_word' id='word_1_263' title='bbox 1407 4864 1441 4928; x_wconf 83' lang='lat'>9·</span> <span class='ocrx_word' id='word_1_264' title='bbox 1462 4840 1514 4936; x_wconf 85' lang='lat' dir='ltr'>Q.</span> <span class='ocrx_word' id='word_1_265' title='bbox 1549 4860 1580 4918; x_wconf 80' lang='lat'>1.</span> 
     </span>
     <span class='ocr_line' id='line_1_35' title="bbox 545 4940 1585 5036; baseline -0.001 -19"><span class='ocrx_word' id='word_1_266' title='bbox 545 4940 659 5034; x_wconf 71' lang='lat' dir='ltr'>liti05</span> <span class='ocrx_word' id='word_1_267' title='bbox 683 4941 830 5017; x_wconf 82' lang='lat' dir='ltr'>Nullum</span> <span class='ocrx_word' id='word_1_268' title='bbox 854 4946 948 5021; x_wconf 84' lang='lat' dir='ltr'>enim</span> <span class='ocrx_word' id='word_1_269' title='bbox 970 4946 1017 5013; x_wconf 81' lang='lat' dir='ltr'>eil</span> <span class='ocrx_word' id='word_1_270' title='bbox 1043 4940 1210 5024; x_wconf 81' lang='lat' dir='ltr'>scandali,</span> <span class='ocrx_word' id='word_1_271' title='bbox 1241 4941 1293 5012; x_wconf 83' lang='lat' dir='ltr'>vel</span> <span class='ocrx_word' id='word_1_272' title='bbox 1320 4947 1469 5014; x_wconf 83' lang='lat' dir='ltr'>inlanuae</span> <span class='ocrx_word' id='word_1_273' title='bbox 1493 4944 1585 5036; x_wconf 79' lang='lat' dir='ltr'>petl-</span> 
     </span>
     <span class='ocr_line' id='line_1_36' title="bbox 544 5038 1584 5137; baseline -0.003 -19"><span class='ocrx_word' id='word_1_274' title='bbox 544 5042 687 5135; x_wconf 70' lang='lat' dir='ltr'>colunt,</span> <span class='ocrx_word' id='word_1_275' title='bbox 704 5043 727 5115; x_wconf 90' lang='lat' dir='ltr'>li</span> <span class='ocrx_word' id='word_1_276' title='bbox 744 5066 787 5115; x_wconf 86' lang='lat' dir='ltr'>eo</span> <span class='ocrx_word' id='word_1_277' title='bbox 804 5048 929 5114; x_wconf 68' lang='lat' dir='ltr'>in‘caiu</span> <span class='ocrx_word' id='word_1_278' title='bbox 946 5054 1106 5134; x_wconf 81' lang='lat' dir='ltr'>negetur.</span> <span class='ocrx_word' id='word_1_279' title='bbox 1134 5044 1251 5137; x_wconf 79' lang='lat' dir='ltr'>litque</span> <span class='ocrx_word' id='word_1_280' title='bbox 1271 5040 1362 5114; x_wconf 89' lang='lat' dir='ltr'>hanc</span> <span class='ocrx_word' id='word_1_281' title='bbox 1383 5038 1480 5114; x_wconf 89' lang='lat' dir='ltr'>luilsc</span> <span class='ocrx_word' id='word_1_282' title='bbox 1493 5063 1584 5115; x_wconf 77' lang='lat' dir='ltr'>con-</span> 
     </span>
     <span class='ocr_line' id='line_1_37' title="bbox 540 5136 1583 5237; baseline 0.007 -26"><span class='ocrx_word' id='word_1_283' title='bbox 540 5136 689 5225; x_wconf 79' lang='lat' dir='ltr'>stantem</span> <span class='ocrx_word' id='word_1_284' title='bbox 709 5141 868 5237; x_wconf 84' lang='lat' dir='ltr'>lingelici</span> <span class='ocrx_word' id='word_1_285' title='bbox 891 5138 1058 5214; x_wconf 76' lang='lat' dir='ltr'>Doduris</span> <span class='ocrx_word' id='word_1_286' title='bbox 1083 5139 1307 5216; x_wconf 85' lang='lat' dir='ltr'>sententiam.</span> <span class='ocrx_word' id='word_1_287' title='bbox 1328 5139 1508 5234; x_wconf 73' lang='lat' dir='ltr'>colligitur</span> <span class='ocrx_word' id='word_1_288' title='bbox 1534 5155 1583 5218; x_wconf 76' lang='lat' dir='ltr'>ex</span> 
     </span>
     <span class='ocr_line' id='line_1_38' title="bbox 275 5238 1581 5467; baseline -0.002 -152"><span class='ocrx_word' id='word_1_289' title='bbox 275 5280 401 5467; x_wconf 40' lang='lat' dir='ltr'><strong>R</strong></span> <span class='ocrx_word' id='word_1_290' title='bbox 537 5241 632 5343; x_wconf 67' lang='lat' dir='ltr'>Api..</span> <span class='ocrx_word' id='word_1_291' title='bbox 653 5258 685 5327; x_wconf 56' lang='lat'>3,</span> <span class='ocrx_word' id='word_1_292' title='bbox 739 5239 840 5337; x_wconf 86' lang='lat' dir='ltr'>supra</span> <span class='ocrx_word' id='word_1_293' title='bbox 877 5239 1022 5317; x_wconf 83' lang='lat' dir='ltr'>laudato</span> <span class='ocrx_word' id='word_1_294' title='bbox 1065 5241 1101 5314; x_wconf 90' lang='lat' dir='ltr'>in</span> <span class='ocrx_word' id='word_1_295' title='bbox 1141 5238 1382 5335; x_wconf 85' lang='lat' dir='ltr'>Responlione</span> <span class='ocrx_word' id='word_1_296' title='bbox 1426 5243 1470 5311; x_wconf 90' lang='lat' dir='ltr'>ad</span> <span class='ocrx_word' id='word_1_297' title='bbox 1510 5241 1581 5335; x_wconf 87' lang='lat' dir='ltr'>pti·</span> 
     </span>
     <span class='ocr_line' id='line_1_39' title="bbox 401 5334 1524 5423; baseline -0.002 -8"><span class='ocrx_word' id='word_1_298' title='bbox 401 5418 405 5423; x_wconf 77' lang='grc'><strong>,</strong></span> <span class='ocrx_word' id='word_1_299' title='bbox 979 5334 1011 5364; x_wconf 73' lang='grc'><strong>“</strong></span> <span class='ocrx_word' id='word_1_300' title='bbox 1397 5356 1524 5423; x_wconf 85' lang='lat' dir='ltr'>mum,</span> 
     </span>
    </p>
   </div>
   <div class='ocr_carea' id='block_1_5' title="bbox 0 0 1950 6434">
    <p class='ocr_par' dir='ltr' id='par_1_5' title="bbox 0 0 1950 6434">
     <span class='ocr_line' id='line_1_40' title="bbox 0 0 1950 6434; baseline 0 3"><span class='ocrx_word' id='word_1_301' title='bbox 0 0 1950 6434; x_wconf 95' lang='lat' dir='ltr'> </span> 
     </span>
    </p>
   </div>
  </div>
 </body>
</html>
