3892 6434
524 952 593 1054 Dc
621 951 892 1046 sacramento
919 949 1195 1047 Eucharistiae.
1317 984 1403 1068 425

349 1128 386 1208 in
408 1131 483 1224 eius
502 1127 582 1203 vita
612 1121 706 1202 Cum
724 1129 756 1196 S.
770 1119 882 1195 ambr.
909 1122 1195 1230 trans-Tyberim
1209 1128 1304 1228 apud
1325 1131 1399 1211 cia·

350 1229 513 1317 rislimom
534 1225 724 1325 quamdam
742 1224 918 1307 faeminam
942 1226 1148 1304 invitaretur
1167 1230 1236 1307 ,Ut
1261 1226 1397 1318 Sacrifi-

350 1333 437 1401 cium
456 1331 491 1396 in
504 1331 595 1397 domo
609 1321 763 1413 offerret,
784 1323 945 1422 quaedam
975 1325 1169 1411 balneatrix
1193 1383 1205 1420 ,
1226 1353 1305 1427 quae
1332 1325 1419 1429 pa(

354 1429 501 1527 ralytica
517 1430 554 1513 in
570 1426 662 1512 letio
679 1425 836 1518 jacebat,
859 1423 975 1501 sellula
989 1423 1032 1503 ad
1055 1427 1215 1505 eamdem
1245 1429 1399 1517 domurn

350 1531 486 1628 portari
503 1528 535 1602 se
551 1526 656 1610 fecit,
676 1528 711 1600 u
731 1523 836 1614 santii
873 1525 939 1600 viri
958 1524 1162 1601 vestimentu
1188 1527 1319 1606 ibidem
1343 1529 1402 1606 os·
1546 1611 1549 1618 ,

352 1630 488 1712 colato,
510 1626 690 1711 sanitatem
719 1627 872 1722 recepit,
899 1624 1230 1714 utresertt’roiirrus
1264 1631 1299 1704 in
1324 1632 1399 1727 ejus

355 1727 458 1806 Vita‘
478 1725 602 1806 Unum
619 1749 665 1802 ex
686 1723 992 1824 Presbyteris'suis
1007 1723 1176 1821 perexisse
1196 1730 1230 1802 in
1244 1727 1400 1816 domum

351 1826 534 1926 cujusdam
546 1823 702 1921 Hesperii
721 1848 740 1900 a
755 1823 915 1918 malignis
926 1827 1115 1920 spiritibus
1131 1844 1293 1906 vexatam
1307 1885 1320 1918 ,
1334 1831 1400 1906 ibi-

351 1953 423 2030 que
436 1928 559 2004 oblato
575 1923 755 2002 Sacrificio
768 1922 944 2099 Corporis
956 1923 1108 2008 Christi,
1129 1924 1277 2030 cessisse,
1291 1951 1400 2008 vexa,

349 2032 512 2115 tionem,
527 2026 619 2102 testis
635 2024 683 2111 est
697 2029 729 2108 S,
745 2035 833 2118 Arg,
857 2027 904 2109 ib.
922 2029 1050 2109 22.‘Dr
1067 2021 1219 2097 civitate
1242 2031 1331 2115 Dei,
1362 2051 1398 2106 c.

353 2142 388 2216 3.
410 2126 508 2205 Idem
533 2126 593 2201 lib.
606 2142 641 2216 3.
658 2129 782 2194 Contra
806 2121 1009 2212 cresconium
1030 2123 1265 2214 Donatistam,
1290 2151 1322 2219 ς.
1339 2144 1401 2220 29,

351 2224 438 2306 lisia
450 2225 590 2323 publica
600 2223 724 2316 refert,
774 2225 874 2302 uibus
889 2228 1050 2317 sylvanus
1077 2226 1195 2322 plures
1217 2227 1399 2322 cujusdam

350 2324 514 2408 Ecclesrae
540 2323 675 2402 Calices
699 2247 877 2401 tralidisse
899 2328 1181 2406 convincebatur
1203 2358 1223 2412 ‚·
1246 2350 1293 2403 ex
1318 2350 1395 2428 quo

351 2452 429 2507 non
442 2425 519 2522 leve
539 2424 707 2517 indicium
723 2423 871 2501 sumitur
887 2425 1006 2521 plures
1021 2419 1141 2504 Missas
1161 2430 1196 2503 in
1225 2450 1264 2502 ea
1285 2432 1401 2524 priva·

352 2530 418 2604 tim
441 2526 643 2602 celebratas.
680 2522 937 2618 Quotidianam
962 2524 1129 2603 Sacrificii
1179 2527 1401 2606 oblationem

351 2627 418 2703 suis
433 2626 655 2721 temporibus
664 2621 737 2701 fieri
756 2624 919 2713 solitam
942 2625 1043 2702 testes
1072 2625 1197 2703 suntS.
1214 2632 1311 2718 cypr.
1335 2623 1402 2725 Ep,
1443 2656 1446 2664 ¹

354 2738 414 2819 56.
433 2723 678 2817 Amphilochius
698 2727 734 2800 ln
747 2721 828 2799 Vita
842 2722 879 2798 S·
900 2720 1033 2813 Basilii,
1056 2733 1086 2798 S.
1111 2727 1219 2813 Jurn.
1243 2724 1401 2816 chryson,

353 2823 467 2913 Hom.
481 2843 515 2916 3·
530 2827 564 2906 in
576 2823 764 2925 Epistulam
776 2823 819 2898 ad
831 2820 1021 2931 Ephesios,
1039 2826 1075 2899 δι
1089 2847 1145 2916 17·
1159 2827 1195 2901 in
1210 2825 1401 2917 Epistolam

353 2925 398 3011 ad
411 2923 602 3012 Hebraeos,
617 2930 648 2998 S.
663 2905 803 2994 Hieron.
825 2927 860 2996 in
882 2946 958 3021 cap.
969 2921 1134 3018 Epistolae
1146 2925 1189 2999 ad
1200 2925 1323 3001 Titum
1339 2980 1349 3010 ‚
1364 2931 1400 3013 S,

353 3020 491 3119 Auguls.
504 3022 568 3121 Ep.
582 3017 642 3113 98,
656 3023 806 3110 olios23.
820 3020 864 3098 ad
875 3020 1094 3109 Bonifatium
1106 3021 1401 3121 Episcopum-ltr-
1529 3076 1532 3080 -

353 3127 563 3200 nocentiosl.
581 3123 733 3222 Epistola
752 3123 796 3199 ad
809 3125 1011 3215 Exuperirm
1025 3121 1246 3200 Tolosanum
1261 3122 1406 3219 Episco-

355 3249 470 3319 pum,
494 3229 527 3305 S,
545 3231 661 3294 Petrus
678 3221 862 3315 chrysolog,
878 3220 992 3304 Seruo,
1021 3244 1053 3312 ς.
1076 3227 1258 3319 Gregorius
1273 3223 1400 3301 Toron.

353 3324 413 3401 lib.
438 3349 467 3401 1.
499 3327 539 3392 rie
568 3324 678 3418 glorio
704 3319 922 3413 Conftfforum
949 3346 1060 3414 ‚cap
1081 3340 1141 3404 22.
1170 3318 1284 3401 Conc.
1309 3320 1408 3414 sisto,

354 3422 475 3501 thense
493 3424 570 3503 Can
604 3441 661 3495 11.
686 3427 819 3521 priuata
846 3417 1013 3500 Oratoria
1048 3425 1084 3500 in
1112 3427 1202 3520 agris
1227 3422 1401 3522 permisit,

353 3522 667 3719 {totostoto
685 3520 1403 3720 u¹‘attremuitotu

356 3725 490 3811 {loanni
511 3721 735 3822 syracusano*
749 3720 925 3820 Episcopo
947 3726 1126 3820 praecipit,
1144 3739 1185 3807 ut
1206 3721 1323 3798 Missus
1344 3716 1406 3801 ce·‘

356 3824 480 3900 lebrori
502 3827 683 3919 permittat
695 3825 731 3899 in
750 3823 865 3898 domo
886 3822 1044 3893 Venarni·
1061 3821 1207 3898 Patricii.
1237 3819 1404 3907 EtHom·

357 3939 417 4017 37.
440 3926 474 3997 in
498 3919 706 4018 Evangelia,
726 3945 866 3998 morem
888 3919 988 3999 fuisse
1005 3923 1052 3999 ait
1084 3921 1184 4020 caffio
1216 3919 1402 4004 Narnienll

355 4019 534 4119 Episcopo
554 4022 776 4116 quotidianas
790 4019 873 4099 Deo
888 4020 1017 4103 ltostiar
1030 4019 1182 4100 offerre,
1198 4023 1245 4097 ita
1261 4039 1301 4099 ut
1309 4040 1403 4122 peno

356 4123 474 4201 nullus
498 4121 571 4202 dier
594 4125 673 4199 vitae
695 4123 769 4217 ejus
793 4120 1012 4206 abscederet,
1031 4144 1107 4220 quo
1135 4145 1210 4199 non
1233 4124 1404 4218 omnipo.-

354 4224 444 4298 tenti
469 4219 551 4299 Deo
565 4221 712 4298 hostiam
725 4221 929 4317 placationis
946 4221 1158 4320 immolaret.
1191 4217 1287 4299 Tum
1302 4244 1404 4299 cums

355 4322 438 4397 dem
461 4325 568 4406 morti
592 4325 800 4421 proximum
825 4325 860 4395 in
882 4318 1013 4403 domus
1032 4318 1245 4420 Episcopalis
1268 4318 1404 4399 Orato·

355 4424 410 4498 rio
435 4419 553 4498 Missas
569 4419 751 4498 celebrasse
769 4421 921 4498 testatur.
1358 4445 1367 4453 ·

402 4517 501 4598 ldem
523 4521 692 4601 tredecim
704 4522 820 4599 altaria
840 4521 877 4605 in
894 4518 1009 4618 aliqua
1031 4517 1181 4596 Ecclesia
1204 4515 1303 4605 fuisse
1322 4516 1404 4596 stri,

355 4618 410 4698 bit
429 4622 486 4696 sib.
505 4643 538 4711 5.
567 4619 671 4718 Epist..
694 4641 725 4692 1.
755 4620 799 4699 ad
830 4619 1006 4692 ratarum
1034 4620 1289 4697 santonensem
1318 4616 1407 4715 Epi·

352 4717 513 4813 scopum.
543 4719 656 4817 Quod
679 4745 753 4798 non
774 4719 851 4796 leve
869 4719 1040 4797 indicium
1061 4718 1111 4795 est
1131 4715 1240 4817 Missa
1257 4719 1402 4815 privata

353 4821 392 4898 in
415 4824 455 4910 iis
470 4821 675 4936 celebrataeg
699 4816 898 5001 Torgolpo
920 4817 1173 4911 nuretmenis
1203 4815 1400 4935 Episcopus

368 4939 372 4946 ’
827 4956 830 4963 ·
887 4940 907 5026 5
1011 4956 1016 4965 ·
1119 4956 1123 4964 ·
1312 4941 1352 4996 m
