3892 6434
616 1284 705 1366 ,ιιι
802 1249 972 1353 Theoi
992 1251 1438 1367 Dog.&lrloral.lib.
1463 1251 1541 1347 IL'

415 1480 473 1493 -···
499 1458 504 1468 ·
545 1460 549 1467 ·
618 1425 788 1547 perfodio
810 1426 1030 1508 sacramenti
1053 1446 1065 1521 3
1088 1427 1126 1503 dc
1151 1425 1235 1505 ideo
1259 1431 1341 1527 qula
1362 1426 1408 1508 ad
1435 1417 1668 1511 Sacerdotem

616 1526 1669 1744 nautelinteamentatruatur

361 1746 381 1821 “,
495 1764 498 1795 2
615 1755 676 1811 ue·
713 1726 769 1808 Ex
796 1744 894 1826 parte
913 1745 1033 1806 autent
1056 1726 1270 1805 sumentium
1302 1729 1494 1830 requiritur
1527 1731 1666 1811 sumnia

476 1851 486 1865 ··
615 1833 833 1916 reverentia,
858 1829 895 1905 de
911 1827 1454 1926 cautelamealiqurdaceidat,
1471 1830 1573 1931 quod
1589 1854 1668 1906 ver·

499 1962 504 1969 ·
664 1946 679 2008 t
702 1930 747 2007 ad
770 1929 1043 2028 lnjuriam'tanti
1061 1925 1231 2028 Mysten.
1257 1928 1371 2025 Quod
1390 1937 1568 2028 precipue
1584 1923 1667 2029 pos·

629 2048 666 2109 et
687 2031 846 2109 addidere
862 2033 899 2107 ln
921 2027 1112 2129 Sanguinis
1134 2024 1335 2127 sumptione
1352 2055 1363 2123 3
1379 2033 1439 2126 qui
1467 2031 1614 2132 quidem
1637 2022 1666 2110 d

615 2131 760 2211 incaute
781 2128 1007 2212 sumeretur,
1036 2126 1082 2205 de
1099 2127 1191 2206 facili
1213 2125 1327 2223 ponet
1353 2127 1501 2207 effundi·
1526 2129 1664 2231 litquia

615 2231 730 2310 crevit
747 2224 944 2309 multitudo
967 2225 1094 2328 populi
1119 2227 1318 2313 christiani,
1335 2233 1371 2305 in
1384 2254 1453 2328 qua
1474 2225 1667 2309 continen-

614 2345 675 2410 tur
691 2325 808 2418 senes,
834 2331 872 2407 dc
891 2331 1061 2425 juvenes,
1089 2329 1126 2405 de
1142 2330 1278 2425 parvuli
1301 2352 1488 2428 ,quorum
1516 2331 1665 2430 quidam

614 2452 693 2508 non
724 2428 804 2511 lunt
827 2447 933 2508 tautae
959 2428 1177 2506 discretionis
1202 2472 1212 2504 ‚
1233 2446 1273 2506 ut
1310 2429 1483 2508 cautelam
1506 2432 1663 2508 debitam

535 2559 541 2567 ’
614 2532 709 2609 circa
734 2529 835 2609 ulum
859 2527 966 2641 hujus
997 2528 1214 2606 sacramenti
1240 2526 1455 2621 adhibeant;
1475 2530 1557 2607 ideo
1577 2553 1665 2627 pro·

613 2630 696 2707 ride
715 2632 753 2705 in
812 2624 995 2707 oiboldam
1016 2625 1177 2706 Eccleltia
1196 2626 1400 2706 observatur
1423 2685 1434 2714 ‚
1457 2648 1496 2708 ut
1521 2630 1663 2729 populo

408 2766 411 2791 ·
560 2790 563 2796 .
613 2727 772 2908 {angele
787 2653 976 2816 iumeodus
989 2751 1066 2807 non
1087 2728 1212 2815 detur,
1229 2727 1289 2805 sed
1308 2727 1664 2810 solumaSacerdote

629 2847 769 2908 umatur
793 2881 859 2922 „„.
973 2912 980 2926 ,
1072 2914 1074 2919 ,

662 2926 775 3019 Ratio
790 2887 930 3015 alteri,
954 2947 1025 3029 qua
1046 2918 1194 3006 adduda
1214 2918 1265 3005 est
1288 2921 1437 3008 Ecclefia
1452 2982 1462 3010 ,
1480 2943 1522 3008 ut
1548 2924 1662 3008 Cone.

463 3083 467 3102 .
610 3029 825 3109 munionem
839 3028 982 3108 suburra
1001 3039 1141 3104 tantum
1165 3028 1277 3127 specie
1293 3026 1407 3106 Laicis
1418 3033 1659 3123 permitteret,

611 3151 659 3208 ex
679 3127 950 3210 communione
970 3125 1194 3205 infirmorum
1243 3132 1325 3205 etita
1353 3129 1413 3208 eli.
1442 3126 1538 3207 Cum
1562 3137 1660 3207 enim

610 3221 826 3311 Eucharistia
854 3231 998 3329 egrotis
1023 3225 1192 3324 praelloe
1222 3255 1241 3304 e
1265 3229 1413 3315 debeat,
1439 3250 1659 3328 magnopere

611 3330 811 3408 timendum
828 3345 921 3418 erat.
937 3352 982 3404 ne
1003 3324 1171 3406 lidlutius
1186 3329 1257 3405 vini
1269 3325 1657 3427 speciesallerraretur,

609 3430 792 3510 acesceret.

512 3566 524 3593 ν
644 3527 781 3608 Tertia
805 3529 895 3607 ratio
917 3574 930 3609 ι
951 3542 999 3605 ex
1029 3521 1282 3606 abstemiorunt
1313 3525 1551 3604 multitudine.
1575 3518 1658 3604 Per·

609 3630 716 3710 multi
736 3631 831 3706 enim
852 3624 962 3715 sont,
989 3631 1051 3724 qui
1077 3631 1149 3705 vini
1174 3626 1352 3724 saporem,
1378 3647 1420 3703 ac
1440 3651 1485 3703 ne
1501 3627 1657 3705 odorem

638 3729 757 3808 uidem
780 3727 933 3829 perferre
949 3726 1025 3804 ullo
1045 3728 1158 3804 modo
1179 3723 1454 3826 pollint3quare
1478 3749 1542 3814 ne,
1581 3727 1658 3804 uod

608 3749 792 4006 {inteolis
813 3826 927 3905 salutis
947 3823 1046 3904 caula
1063 3826 1221 3903 dandum
1235 3827 1284 3904 est
1301 3874 1310 3902 ‚
1328 3829 1491 3923 corporis
1521 3750 1655 3905 vaiere-

634 3931 684 4006 ini
704 3945 871 4014 noceret,
888 3923 1153 4023 prudentiffrme
1169 3925 1340 4002 sancitum
1353 3927 1401 4003 est
1420 3932 1465 4003 ab
1480 3923 1653 4016 Ecclelia,

607 4045 651 4108 ιιι
699 4029 773 4104 anie
793 4025 1049 4104 tantummodo
1068 4026 1219 4123 speciem
1244 4024 1376 4103 Fideles
1401 4029 1615 4124 acciperent.

659 4051 797 4223 &arta
819 4131 931 4215 ratio,
953 4145 1000 4202 ex
1023 4124 1158 4203 summa
1182 4130 1252 4201 vlni
1276 4125 1433 4223 plurlbus
1452 4130 1487 4201 in
1507 4129 1656 4222 provin·

607 4229 670 4308 ciis
690 4228 834 4327 penuria
850 4245 863 4316 ;
880 4228 917 4302 in
962 4249 1023 4302 uae
1048 4221 1190 4305 aliunde
1207 4223 1279 4302 line
1293 4228 1454 4301 maximis
1467 4224 1652 4322 impensus,

605 4324 812 4505 achnonnsisli
829 4249 1058 4424 longiffimim
1078 4349 1120 4404 ac
1132 4313 1347 4403 difficillimis
1369 4327 1549 4403 itineribus
1564 4349 1657 4405 oon·

606 4449 691 4515 ner
741 4441 842 4506 oet.

655 4450 793 4625 Quinta
815 4524 906 4603 ratio
919 4570 928 4598 ι
941 4541 989 4601 ex
1010 4514 1129 4601 haeteli
1151 4541 1300 4609 eorum,
1317 4519 1377 4626 qui
1400 4524 1579 4623 negabant
1594 4525 1653 4604 solt

606 4642 758 4727 utraque
785 4624 898 4721 specie
922 4620 1101 4701 Christum
1134 4616 1202 4700 else
1222 4671 1231 4699 2
1252 4620 1310 4697 sed
1341 4624 1483 4720 Corpus
1511 4641 1653 4703 tantum

604 4750 769 4824 exangue
779 4726 842 4803 iub
860 4724 975 4824 specie
988 4725 1108 4820 pann,
1127 4723 1344 4822 Sanguinem
1354 4743 1473 4801 autem
1495 4723 1558 4802 sub
1579 4719 1652 4802 vini

603 4826 719 4927 specie
734 4827 910 4904 contineri
933 4818 1134 4900 afferebant.
1178 4823 1232 4900 rld
1252 4842 1360 4922 quam
1383 4822 1539 4901 haerellm
1562 4843 1653 4902 con·

603 4926 803 5004 vellendam
829 4979 841 5011 ,
863 4923 898 5001 ἀ
921 4911 1019 5000 Fidei
1038 4920 1223 5000 catholicae
1256 4927 1438 5000 veritatem
1463 4943 1546 4999 ante
1571 4947 1654 5002 om-

603 5029 704 5103 nium
741 5024 871 5103 oculos
903 5046 960 5099 ma
1000 5022 1269 5118 spernendam,
1290 5015 1536 5122 sapientillimo
1560 5045 1653 5100 con·

603 5122 681 5201 filio
695 5122 889 5202 Decretum
909 5120 952 5200 de
961 5045 1234 5202 gommonione
1250 5118 1463 5201 Locorum.
1481 5126 1518 5200 dc
1539 5122 1653 5199 Cleri·

603 5246 834 5306 eorumden
857 5221 1128 5303 conficientium
1147 5225 1191 5304 ab
1204 5221 1356 5304 Ecclesia
1377 5221 1514 5304 editum
1520 5223 1606 5406 (ek
