3892 6434
315 910 319 921 '
393 989 439 1021 ,-
475 914 546 1005 De
574 807 1193 1009 sacrmentolEucharistiae(
1300 937 1354 1023 43

307 1099 390 1167 ante
417 1084 733 1166 consecrationem
758 1080 881 1159 Calicis
905 1082 1065 1160 advertat
1085 1106 1161 1159 oon
1184 1080 1284 1160 iuiffe
1299 1096 1365 1181 ap·
1390 1136 1392 1139 ψ

309 1187 460 1288 politam
480 1209 611 1279 aquam
628 1227 638 1259 ³
657 1183 770 1258 statim
794 1200 906 1280 ponat
931 1207 1009 1258 eam
1027 1184 1089 1270 ,δι
1115 1183 1270 1280 proferat
1283 1207 1362 1259 vet·

311 1293 357 1365 ba
377 1286 673 1364 Conitcmtionis.
699 1281 735 1359 Si
743 1283 784 1357 'id
797 1297 929 1361 avertat
943 1283 1024 1379 post
1044 1282 1362 1362 eonsetrattonem

310 1388 446 1465 calicis,
468 1384 572 1462 nulio
602 1381 716 1459 modo
741 1388 901 1481 apponat
920 1429 930 1465 2
951 1385 1035 1482 quia
1056 1408 1132 1459 non
1163 1385 1211 1459 est
1228 1384 1273 1459 de
1300 1408 1363 1461 ne·
1405 1445 1408 1454 .

310 1485 460 1565 ceffitote
494 1485 710 1563 Sacramenti
734 1538 756 1573 ‚,
772 1534 808 1574 ‚,.
1567 1571 1570 1577 Ι

353 1586 529 1679 Quarto,
556 1605 602 1660 ex
630 1590 662 1653 S.
679 1582 805 1652 Tiona
840 1601 872 1668 3·
897 1596 987 1679 part.
1015 1583 1135 1679 quaest.
1152 1602 1212 1674 74·
1243 1599 1305 1659 art.
1320 1599 1359 1677 7.
1427 1654 1441 1690 ‚

305 1744 327 1781 „
347 1684 553 1784 judicium,
578 1684 687 1777 inquit
700 1672 723 1767 ,⁴
737 1681 781 1756 de
801 1680 904 1775 {igno
923 1681 1133 1760 sumendum
1153 1685 1266 1757 estex
1286 1706 1357 1768 ee,

305 1787 451 1884 „quod
476 1781 711 1879 fignificitut3
732 1782 908 1857 admixtio
929 1798 1048 1859 autem
1069 1806 1169 1878 aquae
1190 1785 1275 1858 vino
1300 1806 1355 1858 te·

302 1941 325 1979 „
342 1887 455 1961 fertur
475 1884 519 1959 ad
544 1880 808 1980 fignificandam
835 1885 1139 1978 participationem
1167 1882 1271 1978 hujus
1294 1881 1357 1959 Sa·

303 2040 327 2078 „
348 1986 519 2061 eramenti
539 2007 557 2059 a
583 1982 744 2058 fidelibus
778 1999 952 2078 quantum
972 1981 1110 2058 adhoc
1130 2035 1141 2068 ,
1168 1981 1268 2078 quod
1291 2003 1355 2079 pet

303 2140 327 2178 „
348 2107 477 2182 aquam
499 2083 636 2158 mistam
661 2086 746 2156 vino
770 2079 985 2179 fignificatur
1007 2082 1163 2179 populus
1183 2079 1356 2157 adunatus

302 2241 326 2276 „
346 2182 501 2260 Christo·
527 2183 623 2259 Cum
645 2184 752 2278 igitur
771 2186 850 2257 ulus
872 2179 1065 2270 Fidelium,
1089 2180 1146 2259 seu
1169 2182 1354 2276 participa·

302 2340 325 2378 „
342 2287 395 2360 tio
424 2282 682 2360 Eucharistiaea
712 2279 886 2357 Fideiibns
910 2279 951 2357 stt
973 2282 1106 2380 aliquid
1135 2281 1355 2379 consequens

302 2440 327 2478 ‚‚
346 2382 392 2458 ad
408 2384 695 2466 Sacramentum,
721 2380 821 2478 quod
834 2384 985 2458 matetiae
998 2380 1263 2457 coniectatione
1276 2402 1356 2473 per·

302 2540 326 2577 ,‚
346 2483 488 2562 ficitur,
513 2506 588 2557 non
609 2480 789 2577 adipsum
810 2480 1026 2558 sacramenti
1046 2478 1224 2558 effentiam
1248 2481 1356 2577 pettit
1437 2538 1439 2544 .
1575 2513 1591 2567 s

304 2638 328 2675 „
347 2588 447 2673 neom
469 2581 645 2659 admixtio
667 2602 768 2679 aquae
787 2580 931 2658 nonest
952 2577 1134 2659 neceiiaria
1156 2581 1355 2660 necessitoto

302 2738 326 2775 „
352 2682 580 2758 sacramenti.
781 2722 793 2775 t

356 2777 589 2877 objiciuntur
610 2780 807 2871 ncypriani
829 2779 933 2857 verba
958 2774 1066 2877 Epist.
1081 2779 1125 2856 ad
1144 2778 1351 2863 Caecilium:
1372 2784 1402 2853 S·
1416 2781 1555 2867 cypriant
1580 2787 1587 2793 ”

303 2938 326 2975 ,,
342 2939 364 2973 „
390 2880 426 2957 Si
447 2905 536 2960 vero
554 2880 646 2957 calix
662 2877 814 2957 Domini
837 2890 919 2955 non'
934 2881 984 2954 est
997 2904 1086 2977 aqua
1106 2880 1199 2959 sola,
1220 2901 1280 2962 aut
1302 2891 1351 2961 vi·
1371 2861 1455 2998 ¹b⁰⁰¹¹⁸
1478 2865 1554 2953 “¹⁶5

304 3006 396 3058 num
418 2981 553 3059 solum,
576 2980 637 3056 nisi
657 2999 849 3078 utrumque
871 2978 931 3053 fibi
942 2982 1142 3064 misceatur,
1161 2985 1353 3077 quomodo
1372 2939 1555 3080 cacinnum
1649 3056 1651 3061 .

305 3105 376 3158 nec
399 3078 541 3178 Corpus
562 3077 715 3157 Domini
734 3080 850 3176 potest
864 3075 932 3154 effe
952 3077 1060 3158 farina
1076 3078 1167 3157 iola,
1190 3100 1250 3158 aut
1264 3107 1356 3186 aqua

302 3179 398 3258 sola.
419 3180 481 3256 nist
502 3199 695 3279 utrumque
709 3181 903 3256 adunatum
921 3178 1042 3269 suerit,
1067 3180 1104 3254 δι
1121 3184 1354 3277 copulatum,

303 3282 342 3357 ἃ
374 3285 473 3375 panis
494 3282 600 3357 unius
626 3303 805 3377 compage
825 3277 1011 3356 solidatum
1034 3328 1105 3372 ‚‚„·
1131 3281 1201 3358 Sed
1225 3287 1357 3361 mixtio

305 3402 409 3479 aquae
434 3404 516 3457 cum
541 3377 649 3454 farina
670 3379 714 3454 ad
734 3403 862 3478 panem
884 3378 1149 3457 conficiendum
1171 3384 1218 3459 ita
1240 3383 1359 3461 noces·

302 3479 389 3557 saria
417 3481 489 3562 est,
515 3497 554 3557 ut
579 3480 687 3556 farina
711 3481 780 3561 sola
803 3502 878 3556 non
897 3479 1032 3580 fitapta
1053 3487 1196 3559 materia
1219 3482 1358 3562 Eucha-

256 3650 264 3660 .
305 3580 410 3656 ristiae
427 3605 440 3672 3
457 3584 567 3675 igitur
595 3581 723 3656 mixtio
749 3603 850 3677 aquae
876 3604 958 3658 cont
994 3585 1079 3655 vino
1103 3583 1149 3657 ita
1175 3583 1357 3664 neceffam

304 3679 428 3756 estiut
450 3683 570 3756 vinum
585 3681 698 3756 solum
711 3704 785 3755 non
799 3677 841 3755 fit
851 3679 1271 3776 optahujusSacramenti
1284 3710 1357 3763 ma·
1408 3671 1418 3698 ⁸

303 3788 390 3859 teria
408 3781 594 3876 3odeoque
616 3776 797 3856 neceffaria
813 3781 862 3855 est
879 3779 1076 3858 neceffitate
1088 3779 1313 3862 Sacramenti.

361 3879 631 3973 Respondetut,
653 3883 852 3971 &cypriani
870 3883 1175 3977 comparationem
1197 3908 1272 3961 non
1290 3882 1358 3963 effe
1467 3937 1469 3943 -

307 3982 412 4055 omni
429 3996 588 4078 exparte
605 3994 820 4056 accurratam
838 3981 857 4075 (
866 4002 945 4079 quae
965 3985 1129 4059 omnium
1145 4005 1235 4080 pene
1253 4002 1360 4061 com³

304 4081 533 4177 potationum
569 4094 692 4155 natura
726 4080 805 4163 est)
832 4079 889 4155 sed
920 4083 994 4156 vim
1025 4083 1100 4173 ejus
1126 4083 1162 4156 in
1188 4107 1233 4158 eo
1257 4081 1327 4161 *effe
1343 4122 1374 4166 ι.

303 4176 409 4278 quod
432 4181 561 4254 mixtio
588 4202 687 4276 aquae
706 4203 792 4256 cum
818 4182 903 4255 vino
931 4177 1113 4256 neceffatia
1137 4179 1179 4257 fit
1204 4183 1247 4258 ad
1268 4206 1358 4258 con·

303 4277 530 4385 jqntiionem
555 4279 780 4376 populicum
802 4277 944 4355 Christo
964 4259 1246 4377 fignificandatn,
1269 4281 1359 4359 ficut

306 4401 410 4473 aquae
424 4380 555 4453 mixtio
577 4402 660 4455 cum
673 4376 976 4456 farinaneceisatio
998 4381 1046 4458 eit
1065 4379 1107 4456 ad
1121 4404 1247 4480 panem
1267 4405 1359 4456 con·

305 4475 526 4559 ficiendum3
553 4501 629 4553 non
651 4497 770 4555 autem
802 4479 903 4578 quod
926 4476 969 4556 fit
992 4476 1121 4555 eodem
1152 4477 1358 4561 neceffltatn

305 4600 441 4674 genere
458 4573 654 4654 necessaria.
679 4575 777 4655 Hinc
799 4585 833 4650 S.
842 4579 984 4653 Thomas
1006 4581 1040 4655 in
1057 4578 1297 4675 Responsione
1311 4581 1357 4661 ad

307 4680 492 4774 primum:
524 4673 684 4754 Verbum
708 4673 874 4773 (inquit)
899 4678 984 4755 iilud
1004 4677 1172 4777 Cypriani
1185 4680 1234 4757 est
1256 4683 1360 4759 intel·

304 4776 495 4876 ligendum
544 4776 738 4855 secundum
766 4778 866 4877 quod
905 4778 1139 4855 diciturillud
1174 4779 1241 4857 eise
1284 4808 1361 4861 non

306 4874 553 4980 intremunt
563 4880 818 5001 convenienter
828 4876 896 4961 effe
907 4903 983 4960 non
996 4873 1182 4978 potem&
1197 4879 1245 4956 fic
1269 4882 1363 4962 simi.

1191 4981 1307 5065 litudo
