3892 6434
352 850 354 855 ¹
460 930 533 1025 lle
559 864 1133 1025 Sacrarnento'Euc'harlstlae.
1248 944 1355 1055 2675

349 1161 404 1201 „„
432 1100 526 1182 Cum
545 1100 591 1180 de
610 1104 727 1200 pueris
750 1101 960 1181 deliberatur
983 1152 995 1188 ‚
1018 1106 1080 1200 qui
1102 1104 1146 1184 ad
1164 1098 1202 1179 S·
1224 1099 1340 1181 Conr-

297 1210 508 1291 tnunionem
524 1202 701 1291 accedunt
715 1257 725 1288 ‚
741 1200 919 1291 Parochus
932 1208 1110 1300 perquirat
1120 1205 1225 1284 etiam
1242 1226 1260 1287 a
1277 1224 1340 1298 pa·
1373 1276 1376 1282 .

297 1307 455 1386 rentibus
480 1302 525 1379 de
552 1324 678 1391 eorum
707 1304 835 1397 pietate
860 1357 871 1391 .
896 1304 933 1385 de
957 1306 1089 1402 ingenii
1120 1301 1347 1407 praelltntia.¹

296 1408 433 1515 usuque
456 1404 600 1483 tationis
624 1457 647 1493 „
661 1446 694 1493 „.
740 1408 745 1417 '
790 1430 797 1446 ·

351 1560 372 1596 ‚2
385 1556 407 1595 2,
432 1500 507 1596 Qui
519 1504 637 1598 primo
654 1500 697 1576 ad
709 1498 744 1586 S.
761 1496 1069 1579 communionem
1085 1498 1279 1585 accedunt,
1295 1497 1341 1577 de
1478 1516 1493 1543 κ
1624 1580 1628 1588 ,

298 1623 410 1683 manu
430 1599 579 1679 Parochi
599 1598 648 1677 sui
668 1599 802 1677 sumere
820 1599 1031 1694 studiannn
1054 1624 1141 1677 vero
1173 1596 1343 1675 visitatio·

299 1707 357 1781 nis
378 1701 517 1783 occafio
534 1750 546 1784 2
566 1699 677 1778 aliave
693 1698 834 1779 occasio
856 1700 996 1788 tulerit,
1024 1716 1064 1779 ut
1087 1704 1131 1778 ab
1161 1696 1343 1795 Episcopo
1446 1726 1450 1737 ¹

299 1802 437 1885 sumere
467 1797 598 1900 possint
620 1850 632 1881 ,
658 1817 799 1897 paterna
819 1799 989 1879 charitato
1020 1800 1085 1877 illia
1114 1796 1342 1886 ministrabit,
1472 1880 1474 1885 ,

301 1904 509 2089 quictsrtnqtue
527 1898 675 1986 Parochi
690 1899 894 1988 testimonio
917 1900 1039 1978 idonei
1059 1913 1180 1990 crunt,
1215 1897 1353 1994 quibus·

301 2025 390 2093 mun
439 2026 457 2075 e
499 2056 521 2092 ‚,
534 2043 567 2091 „·

352 2099 589 2179 Adultaetero
606 2096 1021 2198 atatishomtnibus,qui
1038 2097 1344 2201 nullumunquam
1437 2105 1440 2110 ’
1527 2130 1530 2137 ’

302 2204 451 2291 rationis
469 2201 567 2277 ulum
588 2197 808 2288 habuerunt,
828 2200 864 2278 de
883 2199 983 2277 nullo
1010 2202 1146 2293 pietatis
1169 2200 1266 2277 sensu
1290 2220 1348 2274 er·

303 2323 351 2413 ga
375 2298 535 2378 divinum
551 2296 636 2385 illud
659 2297 923 2381 Sacramentum
946 2296 1059 2384 offelli
1085 2300 1186 2388 lunt,
1211 2296 1347 2378 Euchn
1415 2311 1418 2318 '

303 2399 396 2491 tillia
419 2399 553 2497 porrigi
582 2421 656 2474 non
678 2398 794 2481 debet.
819 2398 855 2481 Si
880 2404 965 2474 vero
989 2398 1141 2498 aliquem
1170 2399 1270 2477 ulum
1293 2422 1347 2475 ra-

303 2500 415 2589 tionis
438 2496 615 2584 habeant,
636 2496 694 2577 sed
719 2495 899 2580 debilem,
924 2498 960 2572 de
984 2497 1104 2595 aliquo
1130 2502 1287 2595 pietatis,
1308 2499 1346 2575 dt

305 2599 507 2684 reverentia
519 2595 613 2674 sensu
634 2620 717 2694 erga
735 2598 824 2682 istud
842 2594 1107 2684 Sacramentum
1128 2596 1345 2684 alliciantur,

306 2696 375 2783 illis
395 2696 538 2780 nonest
559 2696 820 2793 denegandum.
849 2697 894 2781 lie
916 2718 1023 2779 vero,
1046 2699 1106 2795 qui
1127 2700 1269 2773 rationis
1284 2694 1349 2784 plu

308 2818 386 2887 non
414 2796 509 2874 luere
537 2795 711 2892 sempera
736 2799 918 2877 nativitate
940 2794 1094 2875 destituti
1114 2794 1170 2881 ‚fi
1202 2795 1349 2896 quando

308 2897 438 2983 mentia
463 2894 529 2979 suae
552 2910 741 2992 compotes
758 2893 931 2976 fuerunt»
953 2897 1071 2987 piam,
1093 2895 1129 2981 δι
1151 2893 1350 2987 religiosam

308 2998 417 3084 antimi
444 2996 687 3081 voluntatem,
705 3007 813 3091 atque
841 2994 1073 3076 devotionem
1105 3006 1188 3091 erga
1215 2991 1353 3071 ssua.

309 3110 529 3186 cranientum
549 3092 662 3191 praese
675 3095 839 3181 tulerint.
862 3093 968 3175 debet
981 3094 1029 3168 eis
1041 3094 1076 3177 in
1090 3093 1352 3179 articulo-mor,

309 3195 355 3284 tis
375 3191 584 3281 Eucharistiae
600 3191 850 3284 administrati,
872 3190 933 3268 nili
952 3190 1046 3269 forte
1065 3192 1262 3290 periculum
1286 3212 1351 3265 vo·

312 3296 446 3387 mirus,
466 3295 711 3391 expuitionic,
735 3292 800 3372 vel·
814 3292 952 3377 alteriue
978 3293 1202 3377 incommodi
1227 3293 1353 3368 timent

311 3394 401 3471 dum
422 3390 474 3473 fit.
501 3391 552 3469 lta
580 3392 696 3469 statuit
719 3389 1121 3487 Conc.Carthaginenle
1136 3414 1174 3485 4.
1199 3415 1277 3470 can,
1293 3400 1353 3475 86,
1502 3458 1504 3463 .

313 3493 351 3569 de
368 3491 513 3569 refertur
526 3490 623 3582 causa
636 3502 696 3581 26.
720 3515 781 3603 qu.
792 3503 825 3583 6,
838 3514 914 3593 cap,
946 3490 1097 3591 Qiper
1105 3492 1328 3574 penitentiam
1342 3530 1356 3568 ,

314 3593 416 3686 cujus
437 3587 602 3667 haeclunt
620 3594 747 3667 verba:
766 3648 787 3683 „
799 3647 821 3683 ‚,
848 3588 905 3671 la,
924 3595 986 3688 qui
1005 3593 1042 3666 in
1056 3590 1258 3668 infirmitate
1274 3611 1356 3684 pne.

316 3690 504 3767 nitentium
530 3693 640 3783 petit,
660 3689 684 3768 st
713 3691 811 3781 calu,
828 3689 914 3779 dum
935 3691 979 3767 ad
1005 3713 1087 3775 eum
1112 3689 1281 3768 Sacerdos
1302 3690 1356 3763 in.

315 3791 445 3865 vitatus
470 3792 587 3876 venit,
611 3788 792 3889 opptellns
813 3786 1013 3866 infirmitate
1035 3791 1281 3874 obmutuerit,
1302 3783 1358 3877 vel

316 3890 354 3979 ip
379 3886 574 3986 phrenefitn
600 3888 787 3966 conversus
820 3890 950 3977 luerit,
980 3890 1066 3965 dent
1091 3889 1357 3972 testimonium.

317 3994 378 4087 qui
405 4012 487 4065 enm
510 3987 719 4075 audierunt,
743 3990 948 4085 &accipiat
975 3990 1251 4087 peonitentiam,
1274 3982 1358 4069 &fl

316 4090 492 4169 continuo
514 4087 667 4164 creditur
686 4091 906 4173 moriturus,
931 4087 1178 4164 reconcilietur
1230 4110 1266 4162 er
1286 4108 1359 4159 ma·

317 4212 385 4265 nus
412 4186 758 4285 impositionem&
780 4187 986 4263 infundatur
1014 4190 1068 4262 ori
1094 4189 1167 4278 ejus
1193 4110 1361 4263 {ochari-

317 4287 376 4372 llia
406 4344 427 4377 ,‚
440 4337 474 4378 „2
508 4286 550 4370 Et
571 4285 712 4366 Concil,
731 4284 979 4363 Arattltcanum
996 4307 1022 4357 1.
1049 4308 1125 4361 can.
1145 4305 1198 4374 ¹3·
1218 4308 1264 4360 ex
1283 4302 1360 4379 quo

317 4385 499 4483 sumptum
519 4386 567 4462 est
590 4408 665 4483 cap.
691 4384 773 4480 Qt'
790 4388 966 4471 recedant,
986 4385 1137 4463 ibidemt
1166 4380 1361 4456 Amerinam

317 4487 461 4581 (inquit
478 4479 496 4578 )
520 4482 861 4578 qrraernnqne,pietatir
868 4483 945 4572 stent
956 4482 1159 4574 conferenda.
1189 4481 1240 4559 lta
1256 4485 1361 4567 etiam

317 4592 350 4661 S,
368 4584 508 4654 Tnomas
526 4603 560 4678 3,
589 4608 623 4678 p,
649 4608 706 4684 qu,
730 4576 789 4665 80.
817 4600 879 4661 art
899 4601 936 4677 9
961 4589 997 4660 S.
1012 4583 1145 4654 Carolus
1171 4586 1210 4661 in
1232 4581 1368 4669 lustin·-

320 4680 572 4777 (iionibumdt
598 4681 838 4775 Catechilmut
860 4683 1012 4777 Caecilii
1027 4680 1128 4773 Trld.

1175 4874 1326 4971 τ-ιιοἸ
1407 4938 1413 4949 .
1545 4830 1551 4841 ’

1323 5170 1427 5275 ,λ

1349 5336 1384 5353 ⁵¹
1494 5314 1645 5368 ——l
