3892 6434
498 876 600 1033 ‚Dc
631 926 898 1024 Sacramenta
926 925 1201 1025 Eucharistiae.
1325 952 1404 1037 535-
1489 993 1496 1003 .

352 1103 480 1202 alequa
508 1105 545 1178 in
565 1100 699 1177 Psalmo
724 1107 882 1179 canitur:
902 1097 992 1172 Dixi
1016 1104 1179 1174 Dominot
1197 1103 1288 1171 Deus
1311 1125 1399 1170 meus
1415 1102 1513 1173 psalm.
1544 1120 1593 1183 ra.

352 1231 384 1274 et
399 1226 457 1286 tu,
480 1210 629 1295 qnoniam
652 1197 806 1269 bonorum
824 1214 967 1271 mearum
994 1224 1055 1269 non
1073 1225 1156 1295 egat.
1182 1199 1296 1295 Quod
1312 1225 1398 1277 vero

352 1305 534 1403 adjungit:
555 1300 667 1372 tinne
683 1308 804 1380 Pater,
823 1300 969 1376 refertur
988 1301 1041 1376 vel
1060 1300 1238 1398 speciatim
1256 1300 1299 1376 ad
1320 1305 1400 1378 uni.

352 1408 464 1502 geniti
485 1401 555 1480 Filii
581 1405 876 1498 generationem,
900 1401 953 1475 vel
977 1399 1021 1475 ad
1056 1406 1219 1477 omnium
1242 1400 1397 1476 filioram
1499 1461 1503 1464 .

353 1503 423 1582 Dei
446 1504 698 1597 adoptionem,
723 1525 789 1594 pro
808 1503 936 1597 quibus
955 1501 1027 1597 ipse
1050 1501 1176 1576 elidem
1197 1503 1310 1577 verbis
1331 1498 1397 1577 Pa.

352 1607 397 1682 tri
420 1603 638 1698 supplicans,
660 1605 727 1675 ait:
751 1606 849 1668 Pater
872 1601 998 1682 (atille,
1019 1600 1186 1696 seponens
1208 1605 1242 1670 in
1268 1586 1593 1670 remancipatam

352 1724 433 1781 tuo,
452 1726 532 1795 *quos
549 1697 661 1774 deciilli
686 1699 778 1768 milri·
806 1697 901 1779 Tota
918 1717 1035 1775 autem
1056 1703 1172 1776 oratio
1188 1748 1194 1760 ·
1210 1701 1247 1775 ἀ
1267 1701 1395 1797 gratia·
1631 1714 1643 1755 r
1674 1733 1676 1736 ’

350 1827 432 1884 rum
449 1803 561 1886 allio,
580 1824 686 1900 quam
704 1797 858 1894 semper,
879 1801 915 1874 da
930 1801 1061 1898 ubique
1078 1800 1246 1877 debemus
1268 1822 1394 1901 agera,
1483 1878 1487 1889 ,

353 1903 540 1997 dirigitur,
566 1901 600 1974 δι
630 1899 779 1974 offertur
806 1898 890 1975 Deo
915 1901 1006 1977 Patri
1035 1924 1096 1994 pet
1116 1899 1294 1977 Christum
1315 1897 1397 1975 Dn-

352 2006 489 2085 minum
504 1999 660 2075 nostrum
674 2049 684 2080 ‚
700 2017 868 2098 tanquam
884 2023 944 2094 ptr
963 1999 1218 2085 lllediatorem,
1238 2004 1274 2074 ric
1294 1996 1395 2076 Con·

351 2103 544 2179 ciliatorem
562 2098 650 2183 Dei,
671 2101 705 2174 dr
728 2099 940 2192 hominum;
963 2104 1023 2197 qui
1048 2100 1267 2196 semetipsum
1289 2101 1397 2175 obtu·
1491 2159 1495 2174 .

350 2202 391 2279 lit
410 2205 443 2276 in
467 2198 619 2298 pasfione
650 2221 717 2296 pro
738 2203 858 2284 nobis,
883 2218 921 2275 ut
946 2202 1033 2275 tanti
1055 2203 1176 2297 capitis
1199 2223 1330 2295 corpus
1347 2197 1398 2274 es·

350 2302 488 2385 semus,
514 2298 707 2380 secundum
731 2300 882 2377 formam
911 2300 1008 2376 serti·
1036 2295 1139 2376 Hanc
1166 2303 1260 2375 enim
1287 2301 1395 2375 obtu-

350 2401 412 2484 lit,
432 2405 466 2473 in
488 2399 554 2473 hac
577 2396 715 2477 oblatus
738 2398 809 2476 est,
830 2402 912 2497 quia
931 2400 1124 2475 secandum
1145 2399 1236 2474 hauc
1259 2396 1396 2475 Media·

350 2516 408 2575 tor
430 2500 487 2573 el't·
516 2497 554 2573 ln
571 2498 635 2572 hac
655 2497 846 2573 Sacerdos.
868 2500 904 2575 in
924 2499 989 2574 hac
1008 2499 1223 2575 Sacrificium
1246 2499 1305 2574 est·
1332 2499 1401 2577 Per

350 2598 462 2695 ipsum
492 2600 636 2692 ergo&
664 2599 874 2694 petitiones,
897 2599 933 2672 dr
961 2586 1079 2675 laude's
1103 2597 1176 2674 luas
1203 2598 1309 2675 offert
1332 2597 1401 2677 Ec·

349 2696 449 2777 clesu
474 2696 557 2773 Deo
582 2696 692 2783 Patri,
716 2696 823 2772 l'ciens
846 2722 905 2790 per
930 2722 1011 2773 eum
1034 2698 1145 2773 tolum
1169 2700 1200 2772 le
1225 2695 1322 2794 polle
1340 2721 1400 2774 ac·

350 2822 468 2893 cipere
483 2847 493 2880 ‚
510 2799 607 2892 quod
624 2797 797 2891 pollulat;
814 2821 875 2893 per
897 2822 978 2875 eum
1000 2797 1112 2873 lolam
1127 2797 1262 2891 placere
1281 2793 1399 2893 polle,
1437 2854 1439 2858 >
1527 2831 1529 2839 ‚

351 2897 452 2994 quod
476 2898 615 2980 laudat,
638 2920 744 2994 quem
775 2899 999 2972 Advocatum
1025 2896 1194 2975 habemus
1217 2898 1311 2995 apud
1335 2893 1400 2972 Pa.

349 3010 442 3083 trem
472 2999 543 3095 vqui
558 2996 732 3074 t'edensad
757 2997 940 3071 dexteram
962 2995 1057 3075 Det,
1079 3021 1144 3092 pro
1171 3000 1272 3072 nobis
1290 2999 1401 3072 inter·

350 3100 456 3194 pellat
470 3117 481 3186 ;
495 3100 555 3194 qui
567 3095 752 3172 exauditur
764 3100 798 3170 in
811 3099 978 3173 omnibus
991 3121 1056 3193 pro
1070 3097 1127 3171 lua
1144 3098 1349 3174 reverentia.

378 3198 588 3291 ,Subiungit
603 3217 611 3280 ;
629 3203 689 3263 Per
699 3217 791 3288 quem
804 3193 1008 3287 Mtjraatem
1021 3216 1111 3266 tuam
1125 3202 1259 3264 laudant
1270 3195 1398 3288 angeli,

349 3301 487 3365 adorant
501 3297 747 3366 Dominarionts
759 3350 769 3379 ,
783 3316 927 3365 tremunt
941 3292 1135 3375 potestates,
1149 3298 1217 3372 &u
1230 3304 1307 3365 Cum
1324 3301 1395 3390 qur}

349 3391 407 3465 bus
420 3404 461 3465 (φ
476 3391 596 3469 nostras
612 3418 703 3463 aocet
715 3451 725 3479 ,
739 3413 774 3463 ut
789 3397 922 3464 admitti
933 3393 1070 3488 jubeas,
1088 3399 1313 3486 deprecamur,
1325 3399 1398 3482 &Q

351 3488 440 3580 Haec
455 3495 503 3569 est
519 3499 613 3573 enirn
630 3494 812 3576 ineffabilis
827 3496 939 3593 gloria
964 3496 1151 3572 Salvatoris
1167 3543 1177 3576 ‚
1196 3499 1231 3572 &
1261 3495 1402 3572 Media·

352 3597 440 3669 toris
470 3594 580 3668 nostri
601 3643 611 3674 ‚
639 3600 698 3692 qui
724 3604 972 3691 purgationem
989 3612 1219 3693 peccatorum
1244 3595 1402 3678 faciens.
1479 3596 1482 3604 ’

351 3694 446 3770 ledet
472 3693 515 3773 ad
538 3695 719 3768 dexteram
742 3694 931 3786 Maiestatis
955 3699 989 3771 in
1012 3695 1179 3782 excelsis,
1201 3713 1302 3771 tanto
1327 3720 1403 3771 tne-

350 3794 418 3868 lior
442 3793 723 3887 angelmartus,
746 3812 882 3888 quanto
909 3795 1125 3872 differentius
1152 3819 1223 3891 prae
1248 3796 1311 3870 illis
1333 3818 1403 3871 no-

351 3917 433 3967 meu
460 3894 695 3978 haereditavit,
729 3909 768 3968 ut
788 3917 847 3987 per
874 3896 1039 3974 eumdem
1068 3894 1304 3970 lllediatorem
1329 3895 1405 3969 lau·

350 3991 433 4074 det,
453 3993 651 4075 adoret,&
677 4017 760 4066 cum
778 3992 1019 4068 admirationis
1043 3997 1171 4077 timore
1201 4012 1401 4070 revereatur

351 4092 571 4185 llllajellatem
587 4089 654 4167 Dei
669 4091 773 4167 l’atris
788 4148 797 4175 ‚
813 4117 886 4167 oon
910 4093 1024 4171 l'olum
1044 4091 1193 4170 Ecclelia
1210 4093 1401 4168 hominurn
1526 4142 1531 4156 ι

349 4195 386 4272 in
413 4197 508 4266 terris
523 4246 532 4272 ‚
550 4191 604 4265 led
617 4194 720 4267 etiam
734 4188 882 4269 Ecclesia
905 4192 1122 4289 Angelorum
1152 4197 1185 4265 in
1203 4193 1314 4270 coelis.
1343 4192 1403 4271 Sic
1495 4215 1497 4219 ¹

352 4295 446 4365 enim
465 4290 609 4365 Ecclelia
625 4282 697 4366 fota
712 4293 771 4373 ,dr
797 4316 864 4368 una
886 4295 1091 4387 accipienda
1111 4293 1180 4376 ert,
1199 4317 1272 4366 noo
1287 4291 1402 4367 lulum

349 4415 394 4466 ex
408 4415 444 4463 ea
461 4405 584 4487 parte,
607 4415 676 4486 qrra
704 4394 946 4484 peregrinatur
970 4395 1007 4465 in
1035 4394 1131 4467 terris
1147 4416 1197 4475 ,ra
1220 4391 1298 4468 lulis
1317 4407 1401 4465 ortu

348 4490 457 4584 alane
474 4491 517 4564 ad
539 4492 700 4567 occalum
728 4492 871 4565 laudans
895 4514 1030 4567 nummi
1061 4489 1212 4571 Domini
1234 4544 1244 4573 ,
1263 4493 1298 4565 ἃ
1320 4489 1402 4583 poll

348 4592 587 4687 captivitatem
623 4591 802 4665 vetustatis
837 4609 981 4664 cantans
1015 4593 1195 4666 canticum
1228 4606 1403 4677 novumt
1467 4592 1469 4597 '

349 4693 592 4765 verumetiam
612 4713 657 4763 ex
679 4690 732 4785 illa
753 4739 764 4771 ,
785 4693 909 4788 quaein
937 4689 1038 4767 coelis
1066 4689 1199 4784 semper
1223 4744 1232 4773 .
1259 4713 1303 4764 ex
1325 4712 1406 4785 quo

337 4790 583 4873 conditorii,
603 4788 746 4864 cohaelit
770 4788 870 4870 Deo,
894 4814 958 4865 nec
980 4790 1091 4865 ullum
1113 4787 1246 4864 malum
1274 4794 1320 4863 lui
1345 4812 1407 4863 ca-

351 4897 405 4974 tut
418 4906 564 4995 experta
579 4891 638 4970 ert.
668 4887 757 4969 llaec
772 4888 1102 5071 ΙιἠΙζίεΙηέῙίεΛυεςίίε
1125 4894 1222 4973 beata
1235 4887 1403 5069 perlilEt,
