3892 6434
485 1220 488 1225 ’
536 1220 602 1333 16
707 1223 864 1321 Theol.
888 1226 1005 1343 Dog.
1033 1225 1244 1329 &illumi
1265 1232 1358 1327 Lib.
1387 1235 1446 1332 ΙΙ.

519 1397 796 1502 ¹plurali‚limul
818 1401 854 1477 dr
876 1400 1042 1502 singulari
1064 1400 1217 1483 numero
1232 1402 1452 1487 Eucharistiae
1465 1408 1590 1489 Sacra·

537 1517 701 1578 mentum
718 1497 896 1597 defignatr
923 1559 945 1595 ,‚
973 1501 1163 1582 Purificeut
1185 1529 1274 1592 nos,
1304 1503 1498 1593 Domine,
1525 1509 1590 1588 Sa·

538 1657 562 1697 „
577 1612 794 1686 eramenta,
822 1617 901 1699 quta
924 1599 1195 1699 sumpfimns...
1227 1610 1269 1678 tt
1294 1605 1416 1685 Praella
1443 1624 1483 1687 ut
1514 1608 1591 1701 hoc¹

540 1717 682 1795 „tuum
711 1701 980 1780 Sacramentum
1007 1725 1082 1778 non
1104 1696 1276 1782 sunnonis
1302 1727 1417 1786 reatus
1444 1711 1489 1788 ad
1506 1732 1592 1806 pua·

545 1857 568 1893 „
590 1821 674 1876 nam
690 1800 771 1886 ,sed
790 1799 988 1880 intercellio
1012 1801 1166 1879 salutaris
1180 1804 1223 1879 ad
1244 1810 1427 1900 veniam„.

348 1913 529 1988 sacramenti
596 1899 812 1979 Notandum
835 1904 989 2019 quinto,
1007 1898 1254 1982 Eucharistiam
1279 1909 1342 1983 tria
1365 1906 1588 2007 significare:

345 1998 532 2089 agninam.
546 2004 703 2100 primum
727 1997 1088 2090 Christi-Paffionem.
1104 2025 1183 2101 qua
1198 2009 1364 2104 prateriit
1379 2034 1391 2101 ;
1408 2008 1479 2106 ipse
1491 2010 1590 2087 enim

544 2107 594 2181 alt
614 2099 721 2178 Lucae
744 2116 806 2172 22.
830 2105 906 2172 Hoc
926 2099 1031 2191 facire
1048 2105 1084 2173 in
1103 2127 1208 2175 meam
1224 2109 1561 2179 commemorationem
1572 2138 1589 2191 ,-

544 2204 583 2281 dt
599 2201 724 2296 Aaou
748 2216 784 2283 1.
797 2200 843 2278 ad
865 2199 1033 2286 Corinth.
1057 2219 1112 2281 ιι.
1130 2202 1398 2304 Quotiescunque
1414 2210 1592 2280 namuce-

541 2300 623 2376 dt'trs
640 2302 756 2374 Panem
769 2301 873 2390 tunc,
901 2309 945 2375 θ’
963 2303 1103 2374 Calicem
1128 2301 1265 2393 bibetis,
1296 2325 1435 2380 mortem
1448 2305 1591 2393 Domini

542 2398 783 2476 annunciabitis
794 2445 805 2480 ,
816 2407 914 2474 donec
929 2407 1056 2476 veniat.
1081 2402 1241 2483 alterum
1256 2403 1305 2484 est
1317 2403 1434 2486 divina
1451 2406 1587 2505 gratia.

542 2520 628 2607 quaa
654 2496 800 2600 praesens
831 2501 876 2580 ad
902 2505 1056 2579 animam
1075 2504 1257 2592 alendam,
1277 2508 1313 2584 dr
1331 2506 1590 2586 sustentandam

542 2600 617 2682 hoc
635 2602 863 2680 Sacramento
879 2604 1058 2680 tribuitur.
1086 2600 1248 2683 Tertium
1266 2606 1345 2696 est,
1367 2606 1469 2706 quod
1490 2606 1591 2687 futu·

541 2728 623 2784 rum
638 2704 880 2802 praenunciat,
894 2702 929 2778 id
942 2703 1012 2778 est,
1027 2720 1164 2782 aeternae
1172 2706 1424 2798 jucunditatis,
1445 2709 1481 2783 dr
1505 2706 1591 2883 ᾗῐο-Ι

544 2807 605 2880 riae
622 2802 775 2918 studius,
794 2824 887 2900 quos
901 2804 938 2879 in
958 2802 1094 2880 coelesti
1109 2806 1221 2903 patria
1236 2829 1283 2882 ex
1297 2803 1368 2884 Dei
1385 2806 1504 2904 promi
1545 2828 1590 2883 o·

541 2901 1591 3101 l5m⁶tlsslltrlrl¹l²nlltlllllttllffltltatt

541 3102 702 3189 constet,
725 3117 908 3200 tamquam
930 3104 974 3178 ad
1002 3105 1104 3179 unius
1132 3108 1181 3178 rei
1207 3101 1499 3201 significationem
1532 3127 1590 3182 re·

503 3212 507 3231 ¹
542 3201 679 3288 fertur(
693 3203 811 3297 inquit
831 3198 1033 3279 Tridentini
1051 3200 1205 3281 Concilii
1226 3203 1508 3298 catechismus.)

348 3248 526 3389 tucharildr
593 3300 737 3480 XVI&
763 3304 857 3372 Pacis
877 3324 1026 3401 quoque
1046 3306 1193 3380 nomine
1211 3305 1419 3404 appeliatum
1448 3304 1589 3384 Eucha-

339 3409 533 3476 luvocata.
548 3406 680 3483 ristiam
727 3402 842 3478 onstat
854 3425 901 3478 ex
912 3408 944 3473 S.
957 3407 1118 3496 cypriano
1139 3423 1216 3480 tum
1237 3409 1337 3481 variis
1357 3404 1589 3501 inEpillolis.

550 3511 631 3584 tum
644 3503 735 3579 libro
756 3505 794 3571 rte
814 3497 926 3594 ιαμβι
947 3502 1031 3580 ,ubi
1045 3501 1315 3579 Comnrunione
1340 3502 1585 3593 Eucharistiae,

549 3626 612 3683 aut
640 3617 736 3680 certe
762 3603 817 3696 jus
848 3600 942 3678 illam
968 3601 1158 3697 recipiendi
1179 3601 1222 3678 ad
1247 3603 1444 3704 Martyrum
1489 3628 1586 3694 reces

547 3700 650 3800 lapsis
680 3700 901 3788 restitutum,
920 3707 1032 3770 Pacem
1054 3716 1182 3788 vocat,
1207 3703 1244 3780 dt
1266 3726 1345 3790 eos,
1364 3707 1425 3804 qui
1476 3705 1587 3783 ucha-

544 3804 637 3883 ristia
662 3814 744 3878 aute
762 3802 900 3879 exitum
918 3824 938 3877 e
958 3804 1029 3878 vita
1056 3801 1179 3879 donati
1209 3801 1288 3880 sunt
1307 3860 1316 3887 ,
1337 3806 1502 3899 praemitti
1535 3810 1589 3884 ait'

542 3906 589 3982 ad
609 3901 813 3981 Dominum
839 3923 923 3977 cum
954 3898 1044 3978 Pace
1065 3955 1076 3986 ‚
1102 3925 1210 4001 quam
1231 3901 1409 4004 Martyres
1445 3902 1586 3982 Libellis

539 4002 608 4082 suis
630 4004 678 4078 eis
697 4000 770 4078 dari
795 3999 1027 4095 postularunt.
1052 3998 1097 4077 Et
1123 4000 1224 4100 Epist.
1256 4023 1312 4096 54
1333 4005 1376 4080 ad
1397 4005 1585 4077 cornelium

537 4099 894 4200 RomanumSynodi
907 4100 1075 4178 rllricanae
1088 4102 1345 4180 nominedata:
1370 4161 1421 4196 ,‚‚,
1440 4108 1586 4184 rltvero

536 4227 637 4282 nunc
653 4202 792 4299 (inquit
806 4196 822 4287 )
834 4223 908 4277 nou
924 4200 1071 4276 infirmis
1083 4245 1092 4275 2
1105 4201 1162 4276 sed
1176 4203 1324 4278 fortibus
1342 4202 1413 4279 Pax
1432 4202 1586 4281 netella-

538 4306 588 4382 tia
609 4305 678 4390 est,
707 4322 774 4378 nec
802 4303 1036 4377 morientibus
1056 4349 1066 4382 ,
1084 4301 1140 4377 sed
1159 4305 1358 4380 viventibus
1379 4306 1585 4381 communi·

450 4429 455 4441 ’
536 4406 665 4481 catina
685 4403 796 4495 nobis·
808 4399 921 4477 danda
944 4401 1018 4486 est,
1038 4402 1097 4476 &c
1116 4454 1138 4491 ‚,
1152 4457 1186 4491 ‚,.
1203 4398 1384 4479 Vocaturn
1396 4401 1463 4478 elle
1475 4406 1584 4482 etiam

538 4508 782 4573 Sacramentum
791 4499 878 4590 pacis
896 4502 1143 4580 ,metianum
1156 4504 1173 4591 l
1187 4504 1302 4599 inquit
1313 4501 1465 4579 Concilii
1480 4497 1584 4579 Trid.

520 4593 779 4691 ¹Catechismus
790 4598 807 4685 )
820 4617 859 4676 ut
875 4600 1110 4696 intelligamus
1124 4623 1133 4673 :
1146 4656 1200 4690 ,‚„
1218 4600 1339 4694 Quam
1361 4604 1498 4699 indigni
1515 4600 1583 4679 srnt

535 4702 726 4781 christiano
755 4701 927 4784 nomine,
959 4702 1021 4794 qui
1045 4702 1240 4777 inimicitias
1261 4719 1428 4776 exercent
1449 4749 1460 4781 ‚
1483 4700 1584 4778 odia·

565 4827 629 4888 ue,
645 4799 794 4885 dillrdia,
808 4800 845 4875 dr
862 4798 1070 4884 discordias,
1083 4815 1121 4876 ut
1138 4802 1331 4874 teterrimas
1342 4799 1499 4877 fidelium
1519 4818 1586 4901 pe·

533 4826 781 4978 determino
823 4899 1108 4974 exterminandas
1142 4894 1239 4983 elle,
1274 4922 1357 4975 cunr
1391 4899 1584 4999 praesertim

531 4996 962 5175 augndslanosRelirgionis
993 4995 1364 5192 nssstrffcfffffficss’
1393 4998 1581 5176 1ξιίὴιῖΙπηῧξ

564 5122 918 5178 motuterrae,
967 5123 1007 5173 ua
1109 5122 1126 5170 a
1247 5153 1257 5183 ‚
1370 5122 1466 5175 carr
1520 5122 1539 5173 e

528 5198 762 5298 profiteamur
780 5254 803 5295 „
815 5253 851 5298 „.
879 5122 976 5277 lude
992 5195 1079 5276 illud
1098 5195 1295 5274 Tertulliani
1305 5199 1364 5277 lib·
1376 5198 1420 5279 de
1431 5194 1582 5279 Oratio·

546 5320 550 5328 ·
1469 5318 1518 5377 ut
