3892 6434
522 1296 608 1386 404
718 1256 877 1367 Theos
897 1268 1028 1381 Dog.·
1042 1270 1089 1358 δε·
1107 1262 1259 1361 Moial.
1277 1269 1372 1366 Lib.
1402 1270 1461 1362 11.

522 1442 700 1526 domest,
729 1437 983 1519 defendorum
1005 1441 1139 1518 animas
1152 1446 1284 1542 pietate
1298 1441 1443 1523 suorum
1462 1448 1588 1527 viven-

522 1550 614 1625 tium
636 1543 808 1628 relevari,
832 1563 918 1617 cum
947 1563 1015 1633 pro
1044 1541 1111 1618 illis
1130 1541 1352 1621 Sacrificium*
1372 1546 1586 1629 Mediatorit

524 1643 676 1721 offertur
695 1696 706 1729 ,
724 1640 1044 1740 vel-eleemosyna
1073 1646 1109 1716 in
1135 1641 1283 1719 Ecclesia
1308 1644 1409 1722 fiunt.
1435 1646 1506 1723 Sed
1537 1653 1586 1727 eis

524 1743 603 1824 laaec
634 1740 810 1843 prosunt,
827 1742 890 1836 qui
909 1762 994 1817 curn
1017 1744 1198 1825 viverent,
1220 1759 1260 1820 ut
1280 1742 1356 1822 haec
1381 1745 1442 1823 sibi
1462 1751 1585 1843 postea

446 1916 451 1925 ,
526 1840 670 1945 possent
696 1838 885 1939 prodesse,
904 1859 1124 1918 meruerunt.
1152 1842 1209 1920 ist
1236 1850 1331 1920 enirn
1353 1847 1505 1945 quidam
1532 1852 1587 1925 vi-

528 1943 637 2020 vendi
659 1942 814 2028 modus,
833 1962 900 2017 nec
924 1957 996 2017 tam
1020 1943 1168 2022 bonus,
1188 1959 1228 2019 ut
1249 1966 1324 2019 non
1344 1951 1502 2045 requirat
1524 1950 1587 2029 isla

530 2043 612 2143 post
634 2058 816 2124 mortem,
833 2062 902 2116 nec
921 2056 994 2118 tam
1015 2041 1151 2121 marus.
1170 2056 1299 2120 utnon
1319 2047 1350 2121 ei
1368 2044 1510 2146 prosint
1524 2051 1587 2129 ista

481 2150 487 2162 “
531 2145 615 2242 post
633 2157 799 2220 morrena
828 2139 886 2218 Est
907 2165 993 2216 vero
1010 2143 1084 2217 talis
1103 2146 1139 2218 in
1161 2146 1262 2219 bono
1275 2186 1286 2221 »
1300 2162 1340 2221 ut
1357 2149 1416 2223 illa
1434 2171 1513 2224 non
1529 2170 1589 2227 te-

532 2244 720 2342 quirat‚&
743 2242 792 2318 est
813 2238 926 2318 rursus
950 2239 1026 2317 talis
1048 2243 1086 2316 in
1105 2241 1228 2326 malo,
1246 2257 1286 2319 ut
1303 2268 1370 2322 nec
1388 2249 1429 2322 iis
1452 2249 1586 2337 valeat.

533 2366 620 2422 oum
642 2366 688 2420 ex
710 2342 776 2419 hac
798 2342 868 2417 vita
890 2339 1083 2425 transierit,
1101 2344 1268 2439 adjuvari.
1298 2343 1389 2438 Qoo
1411 2349 1506 2425 cnon
1526 2350 1588 2427 hic

533 2466 646 2522 omne
672 2443 838 2518 meritum
864 2458 1117 2536 comparatur,
1142 2446 1219 2542 quo
1253 2442 1359 2540 pollit
1387 2448 1468 2543 post
1492 2448 1588 2527 hano

532 2546 644 2620 vitam
657 2541 800 2618 relevari
821 2538 1011 2639 quispiam,
1029 2539 1083 2614 vel
1101 2546 1250 2637 gravari·
1276 2542 1397 2621 Nemo
1414 2545 1446 2622 se
1462 2564 1588 2626 aurem

533 2643 668 2741 speret,
681 2642 781 2740 quod
796 2639 854 2717 hic
865 2639 1082 2737 neglexerit,
1093 2665 1178 2718 cuna
1190 2643 1337 2735 obierit,
1355 2642 1448 2744 a'pud
1461 2644 1587 2725 Deum

533 2744 740 2840 promereri.
771 2738 859 2817 Non
876 2742 985 2839 igitur
1004 2741 1088 2825 illa,
1108 2765 1189 2840 quae
1207 2766 1274 2841 pro
1290 2745 1460 2822 defunctis
1481 2770 1589 2824 com·

534 2839 744 2919 mendandis
760 2838 963 2940 frequentat
991 2839 1170 2920 Ecclesia,
1191 2843 1241 2918 illi
1261 2845 1473 2949 Apolloliooe
1503 2849 1587 2928 sunt

410 2988 419 3009 ·
533 2941 675 3018 adversa
692 2942 892 3024 sententiae,
911 2936 1132 3037 quantorum
1150 2942 1220 3019 est:
1242 2948 1358 3014 Omnes
1374 2951 1461 3017 enim
1482 2946 1588 3028 eusta-

535 3037 640 3112 bimns
661 3059 737 3112 ante
759 3037 905 3110 tribunal
930 3035 1052 3118 christi
1065 3091 1077 3129 ,
1090 3063 1134 3110 arc
1160 3039 1284 3132 resistat
1309 3045 1521 3141 unusquisque
1536 3050 1588 3134 se.

534 3143 673 3214 undum
693 3165 750 3229 ea,
770 3162 836 3235 quae
846 3161 904 3234 per
925 3163 1038 3233 corpus
1055 3140 1169 3235 grffir,
1189 3139 1256 3219 sue
1276 3139 1413 3224 bonnm,
1428 3144 1500 3232 five
1518 3173 1589 3219 mr.

533 3242 613 3317 lum.
643 3242 739 3336 Quia
756 3245 860 3318 etiarn
883 3240 957 3318 hoc
979 3244 1145 3318 meritum
1174 3241 1234 3320 sibi
1257 3248 1401 3344 quisque
1417 3303 1428 3334 ,
1446 3249 1534 3337 dum
1549 3253 1587 3325 in

535 3367 602 3421 cot
630 3367 692 3420 ore
718 3344 875 3427 viveret,
894 3342 1137 3438 conparavit,
1157 3362 1197 3420 ut
1218 3347 1249 3419 ei
1264 3344 1394 3442 possint
1418 3348 1479 3423 ista
1501 3373 1589 3445 pro·

536 3444 583 3522 de
612 3468 641 3519 e.
680 3439 771 3520 Non
793 3445 888 3518 enim
917 3445 1084 3518 omnibus
1106 3445 1286 3540 prolunt3
1313 3448 1348 3519 &
1373 3471 1481 3545 quare
1508 3468 1589 3525 non

537 3546 706 3622 omnibus
731 3539 879 3637 prosunt
914 3596 924 3626 ‚
957 3540 1019 3617 nist
1057 3560 1204 3638 propter
1244 3544 1476 3623 differentiam
1504 3555 1591 3625 vitat

538 3667 647 3739 quarn
666 3642 813 3741 quisque
833 3638 933 3739 gessit
953 3645 990 3716 in
1015 3665 1168 3737 corpore
1190 3642 1205 3717 s
1226 3642 1319 3721 Cum
1338 3671 1426 3742 ergo
1447 3647 1590 3725 Sacrifi-

537 3742 711 3823 cia‚s1ve
737 3743 889 3827 Altaris,
925 3738 996 3816 slve
1023 3764 1320 3840 quarumcunque
1346 3747 1589 3847 eleemosyna·

535 3866 618 3919 rurn
649 3864 718 3939 pro
751 3843 933 3940 baptizatis
959 3843 1130 3919 defundis
1163 3847 1331 3921 omnibus
1356 3846 1585 3944 offeruntur3

537 3964 608 4040 pro
626 3941 727 4016 valde
749 3944 853 4016 bonis
869 3944 1063 4036 gratiarum
1088 3943 1243 4018 asliones
1277 3946 1357 4021 lunt
1380 3971 1391 4039 ;
1416 3972 1486 4044 pro
1509 3974 1588 4025 non

537 4041 639 4119 valde
677 4039 774 4115 malis
809 4043 1078 4137 propitiationes
1113 4043 1226 4137 sunt3
1258 4068 1326 4138 pro
1354 4039 1457 4123 valde
1487 4051 1588 4125 malit

536 4138 670 4216 etiamst
692 4141 786 4217 nulla
804 4140 882 4218 sunt
892 4141 1096 4238 adjumenta
1114 4166 1343 4219 mortuorum
1357 4201 1366 4230 ,
1380 4147 1589 4245 qualescun-

537 4263 610 4340 que
633 4243 798 4318 vivorum
815 4239 1074 4316 consolationes
1092 4239 1179 4317 sunt.
1211 4243 1353 4335 Quibus
1367 4266 1486 4323 autent
1504 4271 1589 4345 pro·

419 4340 422 4347 ’
536 4342 646 4427 sunt,
672 4357 733 4417 aut
755 4340 799 4416 ad
823 4339 895 4415 hoc
916 4341 1099 4436 prosunt,
1132 4357 1172 4416 ut
1202 4341 1243 4417 sit
1277 4344 1378 4439 plena
1404 4342 1587 4431 remissio,

536 4457 600 4518 aut
635 4457 750 4526 certe,
782 4457 822 4516 ut
857 4440 1073 4517 tolerabilior
1103 4439 1163 4517 fiat
1198 4441 1268 4538 ipsa
1299 4445 1585 4540 damnat10,‚„.

536 4538 638 4619 ldern
659 4538 850 4710 §onsirmat
879 4540 940 4624 lib.
971 4546 1113 4611 decim
1136 4550 1279 4634 gerenda
1314 4567 1377 4638 pro
1405 4554 1584 4635 Mortuo,

537 4663 580 4718 ca
608 4657 652 4716 ,1
685 4686 694 4706 .

550 4764 552 4775 ·
580 4665 750 4816 ¹slliorunt
762 4737 905 4815 Patrunr
922 4739 1118 4814 testimonia
1134 4740 1291 4835 proferre
1305 4746 1453 4820 mininie
1468 4744 1587 4823 neces

534 4836 569 4914 se
585 4841 655 4916 est,
677 4862 760 4916 curn
788 4840 878 4914 hanc
904 4836 1001 4914 Fidei
1021 4843 1201 4916 veritatem
1223 4842 1299 4916 saris
1316 4849 1443 4936 probet
1464 4845 1586 4924 Ecclea

533 4939 662 5017 starum
684 4943 847 5017 omniurn
870 4938 1077 5023 consensus,
1106 4963 1231 5016 omnes
1259 4941 1431 5043 Liturgiae
1455 4949 1585 5022 testen-

273 5090 276 5100 .
388 5126 390 5131 ¹
463 5108 478 5124 ,,
534 5054 594 5113 rur
618 5060 688 5127 ;ut
711 5041 770 5114 laic
797 5042 952 5114 maxime
977 5042 1098 5116 locum
1130 5040 1435 5138 habeatpraeclara
1467 5048 1585 5122 nias

302 5134 309 5161 ⁴
369 5160 374 5171 ·
534 5135 673 5225 Areus.
695 5143 874 5214 Sententia
890 5142 950 5214 lib·
972 5160 1008 5231 4.
1022 5139 1066 5214 de
1086 5138 1262 5235 Baptisnw
1289 5163 1412 5219 contra
1431 5142 1587 5221 Donati·

527 5232 619 5324 'stru
633 5259 711 5336 cap·
732 5258 791 5328 24
815 5272 872 5336 ’,,,,
905 5240 1022 5343 Quod
1041 5243 1196 5324 universa
1210 5258 1306 5321 tenet
1319 5243 1496 5424 Eccleleu,
1518 5260 1586 5324 nec

559 5400 564 5409 .
664 5383 668 5392 ,
1465 5369 1537 5424 un·
