3892 6434
387 966 391 998 .
464 874 465 882 Ν
525 929 597 1020 De
625 879 893 1020 Sacramenta
920 912 1200 1028 Euehnlstiat
1312 933 1398 1042 'tol'

345 1100 494 1185 randum
509 1142 520 1182 2
538 1124 646 1199 quam
668 1098 948 1200 prosequendam
971 1105 1191 1179 orationibus
1206 1127 1307 1196 reor3
1328 1119 1396 1185 neo'

349 1201 630 1281 moestificandam
646 1201 807 1300 lacrymis
826 1205 914 1284 tuis,
934 1202 990 1276 sed
1010 1210 1121 1298 magis
1142 1203 1396 1284 Oblationibua

350 1308 505 1382 animam
519 1303 593 1398 ejus
610 1299 778 1379 Domino
791 1303 1114 1379 commendandam
1128 1307 1277 1381 arbitror
1296 1363 1318 1396 ,‚
1329 1362 1363 1396 ‚,.

350 1450 361 1459 -
402 1411 434 1477 S.
447 1399 580 1495 Auguss.
603 1403 727 1482 librr,
749 1397 1003 1493 Coufeffionum‚
1019 1426 1094 1502 cap.
1114 1427 1168 1476 12.
1190 1408 1224 1478 de
1253 1426 1304 1494 13.
1335 1406 1396 1482 ubs

348 1502 456 1581 sunus
477 1500 648 1579 &blattis
661 1501 796 1572 Marica
812 1521 1093 1579 commemorate
1114 1558 1167 1595 ,‚‚,
1196 1502 1289 1580 Cum
1311 1521 1396 1581 ecee

351 1626 482 1703 corpus
502 1602 632 1678 elatum
656 1602 705 1678 est
727 1602 892 1697 (inquit)
920 1604 1037 1687 imus,
1061 1607 1216 1680 redimus
1249 1603 1320 1679 line
1347 1607 1397 1680 la·

351 1706 492 1800 erymis.
520 1701 616 1778 Nam
641 1725 761 1801 neque
781 1705 815 1776 in
839 1703 886 1776 eis
913 1703 1103 1798 precibus,
1124 1727 1209 1801 quas
1229 1707 1292 1779 tibi
1315 1704 1398 1779 sun·

351 1803 489 1884 dimus,
506 1826 590 1879 cum
615 1801 802 1878 offerretur
821 1823 888 1894 pro
907 1808 958 1877 ea·
970 1800 1186 1881 Sacrificium
1205 1806 1304 1895 pretii
1328 1828 1397 1878 noa

350 1901 433 1989 stri,
451 1906 522 2001 jam
544 1905 646 1990 juxta
669 1899 892 1998 sepulchrum
921 1901 1041 1999 polito
1069 1905 1263 1989 cadavere,
1287 1902 1411 2001 prius-1

351 2025 459 2101 quam
480 2001 721 2099 deponeretur
740 2057 751 2090 ,
771 1999 861 2078 licut
881 2000 952 2076 illic
973 1999 1047 2079 fieri
1075 2002 1181 2085 solet,
1200 2026 1267 2078 nec
1286 2008 1322 2077 in
1346 2004 1394 2079 eie

350 2102 514 2198 precibus
536 2124 608 2198 ego
630 2098 740 2188 slevir
764 2102 832 2178 &o
850 2133 887 2182 ι.
915 2100 1025 2178 Nunc
1050 2124 1119 2197 pro
1142 2105 1294 2199 peccatis
1319 2125 1395 2177 ma·-

351 2208 413 2278 tris
442 2212 528 2277 meae
553 2203 728 2298 deprecor
757 2216 822 2279 te,
844 2202 975 2278 exaudi
1001 2222 1059 2275 me
1090 2226 1151 2297 per
1182 2202 1395 2278 medicinam
1494 2195 1501 2209 '

350 2301 537 2379 vulnerum
550 2301 775 2382 nostrorum,
795 2321 874 2399 quaa
894 2301 1063 2397 pependit
1082 2305 1119 2376 in
1138 2301 1260 2396 ligno,
1288 2303 1323 2375 &
1346 2300 1396 2375 se·-

350 2401 492 2478 densad
506 2399 688 2476 dexteram
709 2416 808 2478 tuam
822 2418 856 2476 te
867 2399 1065 2497 interpellat
1083 2424 1150 2497 pro
1168 2403 1282 2476 nobis.
1311 2400 1395 2476 Scio

350 2498 605 2596 misericordite
646 2517 855 2596 operatam,
873 2501 909 2575 δι
941 2522 987 2574 ex
1018 2500 1128 2576 corde
1150 2497 1311 2576 dimisisse
1333 2502 1396 2578 dea

349 2601 424 2678 bita
447 2523 664 2677 debitorihus
688 2598 753 2676 suis
772 2620 786 2690 a
808 2600 948 2676 dimitte
969 2598 1016 2674 illi
1043 2600 1079 2673 ἃ
1107 2617 1146 2675 tu
1172 2601 1287 2676 debita
1310 2599 1394 2686 sua,

350 2698 378 2774 si
400 2723 469 2796 qua
490 2704 595 2776 etiam
616 2703 797 2776 contraxit
813 2722 875 2796 per
895 2711 952 2774 tot
970 2718 1082 2773 annos
1104 2700 1183 2796 post
1205 2721 1331 2798 aquam
1347 2699 1397 2774 saa

351 2799 445 2874 lutis·
470 2796 644 2881 Dimitte,—
662 2797 846 2884 Domine,
866 2797 1004 2873 dimitte
1024 2798 1198 2883 obsecro,
1224 2824 1269 2873 ne
1286 2802 1397 2874 intret

352 2920 499 2975 cumea
525 2903 560 2975 in
579 2899 761 2995 juditium.
793 2896 835 2974 Et
855 2897 964 2974 credo
987 2900 1057 2992 jarn
1081 2897 1225 2981 seceris,
1246 2905 1344 2995 quod
1360 2911 1397 2974 te
1453 2976 1456 2982 ,
1559 2912 1563 2923 “

351 3021 469 3095 rogo,
488 2996 553 3078 sed
571 2999 810 3075 voluntarium
838 3003 910 3072 oris
931 3001 1001 3071 niel
1025 3001 1206 3094 approba,
1223 2996 1396 3074 Domine.-
1475 3006 1482 3023 “

351 3097 520 3194 Namque
542 3098 597 3173 illa
621 3100 829 3174 imminente
846 3098 902 3171 die
916 3095 1136 3172 resolutionis
1154 3098 1220 3173 suae
1240 3120 1315 3172 non
1332 3121 1399 3192 cof·

353 3201 477 3296 giravit
497 3197 598 3274 suum
621 3214 751 3294 corpur
773 3196 972 3293 sumptuose
993 3199 1157 3294 contegi,
1182 3212 1242 3273 aut
1258 3186 1399 3276 conoul

352 3300 590 3375 aromatibus,
606 3317 666 3374 aut
691 3314 968 3373 monumentum
993 3297 1141 3372 electum
1164 3301 1396 3395 concupivit,

352 3415 414 3475 aut
435 3402 570 3476 cutavit
594 3395 816 3496 sepulchrum
841 3400 1003 3493 patrium*
1031 3394 1117 3473 Non
1140 3399 1199 3473 ista
1220 3398 1399 3472 mandavit

353 3502 456 3575 nobis
478 3545 487 3573 2
512 3498 567 3573 sed
607 3497 860 3574 tantummodo
895 3498 1105 3572 memoriam
1134 3497 1182 3572 sul
1213 3498 1255 3571 ad
1282 3496 1398 3574 rlltare

352 3613 455 3677 tuum
476 3595 547 3672 lieri
561 3595 766 3674 desiderarit
781 3649 790 3676 .
806 3600 863 3673 cul
882 3597 1010 3672 nullius
1030 3599 1096 3672 diei
1112 3594 1399 3694 praetermissione

353 3696 538 3775 servierat,
561 3698 656 3772 unde
680 3697 778 3772 sciret
803 3696 985 3792 dispensari
1011 3696 1198 3772 ,Vidimam
1221 3697 1403 3776 saeuam,
1448 3783 1451 3790 ,

354 3819 424 3893 qua
443 3796 598 3871 deletum
629 3796 676 3872 est
702 3795 985 3893 chirographum
1005 3831 1015 3877 r
1033 3795 1131 3891 quod
1157 3811 1229 3872 erat
1256 3812 1399 3872 contras

354 3898 446 3972 rium
473 3896 600 3979 nobis,
621 3918 690 3993 qua
713 3894 948 3992 triumphatus
975 3891 1024 3970 est
1054 3895 1160 3970 hostis
1184 3911 1398 3989 computans

355 3994 477 4072 delicta
497 3995 634 4079 nostrae
658 3995 694 4068 &
717 4015 876 4092 quaerens
890 3994 978 4092 quid
992 3997 1161 4088 objiciat,
1182 3997 1217 4069 ἃ
1240 3995 1324 4069 nihil
1345 4000 1400 4068 ina

355 4097 498 4170 veniens
516 4096 551 4166 in
575 4093 656 4171 illo,
678 4097 714 4168 in
727 4117 801 4190 quo
821 4097 1047 4169 vincimusrr.
1070 4092 1220 4188 suspira,
1238 4092 1400 4171 Domine

354 4215 473 4282 meus,
499 4189 600 4269 Deus
622 4217 744 4270 meus,
761 4194 885 4290 inspira
907 4193 1008 4266 serris
1029 4195 1096 4268 tuis
1111 4193 1271 4269 fratribus
1291 4196 1396 4278 meis,

355 4291 431 4367 liliis
459 4297 528 4369 tuis
551 4292 706 4370 dominis
729 4297 833 4377 meis,
865 4292 1045 4391 quibus&
1073 4315 1162 4367 voce
1175 4331 1185 4375 ,
1207 4296 1241 4367 &
1262 4292 1399 4377 corde,

356 4393 391 4467 δι
416 4393 537 4469 litteris
560 4393 689 4478 servio,
712 4410 751 4469 ut
771 4403 957 4493 quotquot
981 4392 1056 4466 haec
1078 4392 1252 4487 legerint,
1275 4394 1401 4465 memi-¹

355 4496 471 4568 nerint
490 4491 533 4567 ad
552 4492 666 4567 rlltare
691 4505 794 4568 tuum
818 4493 976 4568 Monicae
991 4491 1128 4566 samulae
1147 4505 1216 4568 tuae
1235 4515 1319 4569 cum
1339 4490 1404 4566 Pae
1429 4486 1442 4521 Χ

357 4595 460 4668 tricio
487 4589 670 4689 quondam
696 4593 770 4683 ejus
792 4594 972 4688 conjuge,
988 4614 1050 4687 per
1073 4614 1229 4687 quorum
1256 4600 1400 4685 camerti

337 4690 583 4868 {ntroduxilti
604 4714 662 4766 me
682 4694 720 4767 in
742 4691 833 4768 hanc
860 4695 989 4797 vitam,
1010 4690 1316 4789 quemadmodum
1336 4710 1402 4767 ne⁴

370 4815 427 4868 0¹⁰
453 4847 474 4881 m
492 4839 527 4881 m·
898 4814 907 4883 ,Ἴ
1132 4877 1135 4883 .

405 4889 453 4970 Et
478 4888 666 4965 Euchiridii
682 4899 856 5066 captam
878 4889 914 4964 tt
937 4893 1016 4966 iro.
1041 4935 1096 4989 ,W
1123 4882 1252 4992 Neque
1262 4902 1407 5066 gegan(

854 5007 926 5072 ea.
1290 5015 1352 5069 uua
