3892 6434
443 992 452 1009 .
498 912 568 1005 De
597 909 865 1002 Sacramenta
893 904 1171 1009 Eucharisttaeg
1281 910 1366 1016 asi

424 1078 1045 1189 'cousecrnarum
1079 1076 1199 1160 ΧΗ.

407 1246 544 1322 uamris
560 1241 688 1342 species
706 1240 980 1319 sacramentales
1000 1243 1181 1320 interdum
1195 1248 1360 1316 corrum4

287 1242 402 1445 Q
423 1359 574 1441 pantur,
592 1345 778 1441 corruptio
799 1355 917 1418 tamma
931 1341 987 1419 illa
1009 1344 1046 1416 in
1067 1339 1212 1437 Corpus
1229 1337 1357 1419 Christi

397 1478 403 1489 ,
499 1467 522 1517 n
585 1491 595 1513 .

306 1443 503 1621 nogbssssrss
521 1441 607 1613 sitsitm
623 1539 847 1632 resurgentes:
863 1538 1003 1610 mortuis
1015 1533 1087 1630 jam
1105 1555 1167 1612 non
1187 1538 1354 1618 moritur,
1373 1521 1461 1591 ΚΜ·
1473 1527 1545 1604 &95

307 1636 396 1714 mors
420 1641 470 1714 r'lli
493 1641 581 1713 ultra
602 1665 662 1712 non
679 1638 903 1711 dominabitur
925 1638 989 1727 (ut
1010 1646 1056 1719 ait
1079 1637 1230 1737 sipost)
1255 1640 1354 1716 Sicut
1412 1633 1525 1722 elsim

308 1742 419 1843 igitur
437 1746 472 1819 in
492 1740 599 1840 ipsius
613 1739 864 1827 [divinitatem
884 1757 1033 1840 propter
1048 1745 1219 1819 unionem
1237 1739 1353 1834 perso·
1386 1707 1556 1847 {ffiiffu‘

309 1845 425 1919 nalem
445 1865 528 1919 cum
549 1859 670 1916 natura
681 1839 855 1922 humana,
874 1843 1007 1937 injuriae
1026 1843 1116 1919 illius
1129 1859 1261 1919 naturae
1285 1839 1354 1915 slve
1383 1880 1444 1922 non
1472 1875 1538 1921 aar.

309 1945 474 2037 corporls
496 1939 736 2016 infirmitates,
760 1965 801 2016 ac
821 1939 992 2040 passiones
1014 1945 1161 2018 minlme
1179 1936 1357 2015 redunda-
1381 1936 1536 2015 fumum·

309 2043 418 2135 bant;
433 2044 480 2117 ita
500 2063 566 2118 nec
587 2040 777 2136 specierum
799 2044 1025 2124 immutatio,
1046 2043 1082 2118 &
1104 2042 1293 2135 corruptio
1317 2040 1356 2114 in

310 2141 438 2219 Christi
454 2137 597 2236 Corpus
619 2142 690 2236 jam
709 2140 934 2226 immortale,
957 2142 994 2215 de
1018 2139 1286 2239 incorruptibile
1302 2161 1355 2213 re·

306 2239 468 2320 funditur
490 2257 635 2338 propter
657 2243 828 2315 unionem
849 2239 938 2317 illius
960 2239 1253 2317 sacramentalem
1270 2256 1357 2317 cum

307 2336 500 2440 speciebus.
526 2337 583 2415 Sic
609 2339 669 2415 Sol
695 2343 731 2413 in
751 2339 829 2415 luto
853 2338 926 2416 sane
957 2340 1116 2417 sordlbus
1149 2340 1353 2425 volutatur.

306 2440 441 2516 bullam
454 2439 536 2515 inde
549 2437 762 2514 conttahens
774 2440 983 2516 loeditatem.
1007 2438 1063 2516 Sic
1075 2442 1110 2515 in
1123 2440 1244 2516 medio
1260 2434 1358 2516 Rubl

307 2539 462 2616 ardentis
492 2538 647 2634 Angelus
670 2536 740 2614 Dei
761 2538 945 2637 personam
974 2556 1099 2633 getens
1121 2537 1193 2615 llne
1214 2537 1356 2614 laefione

307 2637 535 2725 versabatur3
559 2636 606 2712 fic
632 2641 669 2713 in
699 2661 770 2724 os,
795 2640 831 2713 &
858 2640 1080 2715 stomachum
1102 2640 1294 2738 impiorum
1323 2637 1357 2714 se

308 2741 422 2834 trajici
445 2741 601 2828 patitur,
620 2759 777 2833 quorum
795 2740 909 2813 anima
933 2737 1088 2838 qualibet
1108 2738 1238 2814 sentina
1257 2739 1357 2812 soeti-

308 2838 391 2912 dior
419 2838 479 2913 est·
513 2829 672 2911 Tantum
702 2832 810 2934 igitur
840 2838 956 2923 abest,
983 2852 1022 2912 ut
1048 2836 1225 2932 praesentia
1257 2838 1357 2912 realis

310 2937 486 3034 Corporis
500 2985 513 3019 ‚
526 2937 562 3011 &
582 2936 767 3032 Sanguinis
780 2936 906 3014 Christi
922 2940 955 3011 in
969 2934 1178 3012 Eucharistia
1193 2937 1358 3033 neganda

308 3035 352 3113 sit
372 3061 418 3113 ex
437 3036 534 3122 hoc,
555 3034 654 3134 quod
684 3034 813 3131 species
836 3040 1052 3121 mutationi,
1071 3039 1107 3111 δι
1129 3031 1357 3209 cortusstiool

310 3135 379 3213 lint
401 3137 593 3221 obnoxiae,
611 3152 689 3210 non
706 3154 790 3211 vero
813 3134 979 3232 Corpus,
998 3138 1033 3210 ἃ
1047 3135 1236 3234 SanguisC
1264 3135 1355 3226 risti;

308 3251 350 3312 ut
372 3239 493 3332 potius
525 3234 715 3330 agnoscere
737 3235 951 3314 debeamus,
976 3235 1076 3334 quod
1110 3236 1196 3311 fides
1222 3237 1354 3321 docet,

310 3334 475 3412 Sansium
502 3331 571 3410 Dei
601 3333 676 3410 min
698 3335 814 3411 videre
831 3339 1129 3433 corruptionem3
1153 3334 1211 3410 sed
1235 3350 1356 3411 tamen

309 3458 356 3511 cx
379 3433 573 3516 miraculo,
596 3457 671 3533 quo
692 3433 819 3531 species
842 3436 920 3534 poll
940 3434 1243 3511 consecrationem
1266 3458 1357 3529 con·

309 3535 516 3611 serrantur,
538 3532 633 3632 sequi
656 3549 696 3610 ut
712 3539 895 3632 corrumpi
917 3535 1074 3633 potunt,
1100 3533 1125 3610 st
1154 3535 1228 3612 talis
1254 3530 1356 3610 in'iis

310 3632 372 3709 fiat
397 3635 715 3730 innotuimus
734 3633 776 3710 ad
800 3639 1068 3732 corruptionem
1089 3639 1212 3733 panis,
1233 3635 1357 3713 &vini
1487 3720 1491 3733 Ι

310 3750 393 3808 ante
406 3732 707 3810 consecrationem
724 3731 916 3813 suffecisset.
946 3733 986 3810 ln
1011 3738 1049 3809 iis
1069 3752 1187 3812 autem
1208 3732 1358 3810 ellade·

310 3831 428 3910 sinunt
443 3830 605 3929 Corpus,
621 3833 658 3907 ἃ
678 3833 826 3930 Sanguis
845 3834 970 3910 Christi
985 3881 995 3912 ‚
1017 3858 1091 3910 non
1114 3833 1257 3932 quidem
1272 3854 1357 3910 cum

311 3936 467 4031 primum
481 3930 524 4005 ad
540 3936 808 4028 corruptionem
828 3932 1002 4019 tendunt,
1023 3935 1079 4010 led
1093 3950 1176 4010 cum
1188 3932 1356 4011 consum·

311 4046 406 4107 mata
426 4036 613 4125 corruptio
638 4031 696 4107 est·
724 4031 828 4107 Unde
849 4038 882 4113 S.
895 4037 991 4124 cypr.
1011 4032 1127 4109 Trasl·
1149 4034 1193 4107 de
1212 4031 1351 4127 Lapsts.
1378 4124 1380 4128 Ι

311 4132 385 4210 ait:
408 4185 466 4222 „„
495 4126 539 4205 Et
553 4130 663 4215 alius,
685 4135 768 4228 quia
790 4134 826 4205 da
848 4130 918 4230 ipse
938 4133 1154 4222 maculatum
1173 4131 1355 4208 Sacrificio

310 4253 332 4306 a
358 4228 549 4331 Sacerdote
567 4229 766 4311 celebrato,
788 4249 922 4323 partem
940 4255 1025 4308 cum
1048 4235 1179 4309 crateris
1196 4231 1295 4307 ausus
1306 4233 1357 4306 esl

309 4329 459 4404 latenter
489 4333 670 4427 accipere;
690 4331 854 4406 Samium
883 4330 1034 4407 Domini
1061 4336 1189 4415 edere,
1210 4333 1245 4404 δι
1267 4352 1360 4405 con·

310 4428 456 4504 tresiare
473 4450 546 4503 non
562 4434 699 4523 potuit;
717 4434 872 4506 cinerem
894 4431 983 4509 serre
1000 4431 1032 4506 se
1051 4434 1177 4526 apertis
1197 4431 1360 4504 monibus

310 4532 457 4610 invenit.
484 4528 722 4607 Documento
742 4535 846 4606 unios
868 4530 1044 4607 ostensum
1067 4533 1139 4613 est,
1156 4528 1364 4607 Dominum

310 4628 497 4715 recedere,
518 4653 602 4706 cum
634 4647 806 4729 negatur:
825 4653 891 4706 nec
924 4633 1190 4706 immerentibus
1213 4629 1257 4705 ad
1274 4628 1363 4705 salu*

310 4743 386 4812 tem
410 4728 571 4824 prodesse
596 4731 696 4827 quod
723 4730 1053 4827 sumitur‚quand0
1105 4733 1187 4806 tatia
1209 4728 1366 4832 salutaria¹

309 4830 350 4909 in
371 4835 550 4916 cinerem,
568 4829 753 4909 Sansiitate
772 4830 953 4928 fugiente,
1005 4834 1065 4904 ide
1135 4827 1260 4908 cbristo
1280 4850 1362 4921 prae·

571 4935 597 4966 ·”
770 4929 858 5017 Na
1175 4928 1316 5020 [entiam
1487 4934 1494 4951 “·
1614 4956 1618 4987 -·

1403 5048 1420 5084 ,δ
1459 5040 1469 5067 ¹
1558 5047 1565 5061 '

872 5104 982 5129 unia..-
