3892 6434
526 1280 607 1369 ηρ
675 1174 843 1355 ’Τήιοι
869 1250 988 1362 oog.
1015 1248 1224 1356 &norat
1244 1250 1339 1346 nu.
1357 1251 1415 1343 n

525 1444 688 1526 quaenam
714 1420 783 1501 sint
803 1421 864 1501 illa
883 1423 1137 1522 impedimenta
1168 1425 1340 1522 proprie,
1373 1441 1453 1520 quae
1473 1434 1573 1504 tante

525 1529 574 1617 eie
599 1524 728 1623 damna
753 1528 945 1623 irrogant,
970 1520 1300 1623 pretiolifflmosque
1333 1523 1464 1600 divine
1489 1548 1581 1621 gra·v

527 1629 584 1701 tiae
605 1622 784 1701 thesauros
802 1626 968 1727 coelum,
992 1626 1027 1701 dr
1050 1642 1178 1700 terram
1211 1622 1469 1719 locupletantes
1495 1668 1503 1698 2
1528 1646 1574 1701 ec

527 1724 657 1800 divitiis
678 1725 727 1819 im
755 1722 887 1812 lentes,
914 1727 959 1800 ab
981 1727 1029 1819 eie
1050 1723 1248 1801 excludunt
1276 1777 1287 1808 ,
1310 1725 1356 1799 ita
1383 1739 1423 1799 ut
1445 1748 1574 1821 quam·

527 1823 694 1901 tumlibet
717 1748 806 1922 ἰξρε,
829 1828 1129 1917 communicent,
1161 1825 1262 1900 uacui
1278 1839 1395 1899 tamen
1411 1823 1546 1922 semper
1558 1873 1584 1911 ,.

529 1924 567 1999 dc
592 1926 711 2003 inanes
734 1942 989 2020 permaneant,
1013 1922 1102 2000 sicut
1131 1925 1167 1998 in
1189 1923 1309 1999 multis
1336 1926 1499 2022 quotidie
1520 1927 1575 2001 ti·

529 2021 614 2114 dere
635 2045 794 2121 pronum
822 2024 882 2101 ese
919 2022 988 2101 Cui
1019 2022 1285 2122 respondetur,
1319 2025 1575 2115 impedimenta

528 2120 609 2200 laec
631 2118 776 2199 venialia
807 2119 874 2207 else
900 2138 1076 2220 peecata,
1104 2145 1185 2220 quae
1211 2125 1377 2198 nimirum
1395 2123 1575 2201 charitatis

387 2294 390 2299 ,
529 2219 700 2299 actualem
721 2220 900 2299 fervorem
924 2223 1154 2301 diminuunt,
1183 2221 1458 2323 infrigidantque
1478 2272 1489 2310 ,
1507 2239 1575 2300 cor

407 2396 410 2401 .
525 2318 753 2407 distrahunt,
776 2320 1009 2399 devotionern
1031 2320 1248 2416 expellunt,
1277 2321 1426 2399 sanctam
1447 2323 1576 2400 labefe-

531 2423 649 2505 slant,
669 2421 722 2499 vel
744 2424 849 2497 etiam
869 2425 1088 2519 extinguunt
1104 2422 1362 2509 strenuitatem,
1393 2420 1462 2502 Dei
1474 2423 1577 2500 fami·

531 2521 715 2597 liaritatem
738 2520 924 2616 auferunt3
939 2521 974 2597 dt
992 2523 1153 2621 quamvls
1171 2520 1589 2620 granamcharitarem.

528 2643 604 2718 -que
627 2644 703 2695 non
732 2636 882 2697 enecent
914 2625 1085 2718 penitus,
1114 2619 1191 2697 haec
1213 2618 1283 2718 ipsa
1308 2643 1425 2699 tamen
1445 2623 1576 2711 damrn

530 2718 704 2796 inserunt,
720 2719 947 2818 multumque
964 2720 1157 2819 disponunt
1167 2720 1211 2796 ad
1234 2722 1395 2799 mortalia
1410 2740 1587 2820 peccata,·

532 2817 572 2893 dc
593 2817 961 2914 gratiaeamillionem·
995 2820 1108 2897 l'orro
1133 2821 1276 2901 venialia
1304 2839 1447 2920 peccata
1470 2876 1482 2907 ,
1503 2820 1577 2898 live

530 2918 786 3010 impedimenta
815 2920 1021 3018 quotidiana
1046 2919 1200 3015 duplicia
1230 2920 1309 2997 sunt
1332 2976 1342 3008 ,
1367 2925 1403 2997 dr
1428 2940 1579 3018 utraque

533 3015 709 3098 effluxum
746 3019 873 3097 divinae
893 3023 1014 3118 gratiae
1041 3024 1075 3096 in
1097 3020 1172 3096 hoc
1192 3021 1422 3097 sacramento
1443 3045 1577 3120 prepe-

532 3118 646 3199 diunt.
675 3119 749 3195 illia
772 3143 926 3220 namque
948 3120 1198 3216 perseverentia
1219 3119 1319 3207 sunt,
1339 3123 1376 3196 dr
1403 3123 1578 3198 inhaereo·

532 3221 581 3296 tia
602 3275 613 3309 ,
632 3222 696 3305 alia
728 3218 833 3296 fluxa.
862 3220 1071 3297 lnhaerenria
1102 3220 1182 3297 sunt
1203 3244 1242 3296 ea
1267 3275 1277 3304 ,
1305 3221 1450 3318 quando
1480 3218 1577 3292 verbi

522 3327 647 3412 ‘gratia
664 3320 787 3418 aliquia
801 3320 922 3396 volent
945 3323 1007 3401 ,δι
1025 3320 1132 3396 sciens
1153 3345 1172 3394 a
1189 3340 1427 3397 creaturarum
1447 3319 1577 3398 effessi-

533 3428 625 3513 bus,
650 3425 827 3499 &amore
846 3424 1006 3517 captivus
1023 3425 1227 3506 detinetur,
1248 3435 1354 3516 atque
1374 3424 1410 3506 in
1435 3421 1502 3496 illie
1515 3422 1578 3496 de·

532 3521 834 3611 iterationem&
857 3523 1077 3617 voluptatem
1096 3522 1282 3620 querit...
1307 3520 1461 3612 Quoties
1479 3524 1588 3597 enim·

533 3629 659 3730 aliquis
685 3627 721 3697 in
742 3624 909 3696 creaturis
938 3619 1088 3696 sensuale
1105 3623 1295 3714 gandium,
1319 3625 1354 3695 dc
1368 3621 1574 3696 delectatio·

533 3752 618 3808 nem
641 3719 879 3817 principaliter
913 3724 1072 3819 quaerit,
1101 3723 1205 3796 toties
1235 3720 1278 3794 ad
1315 3725 1431 3795 minus
1451 3734 1586 3816 peccat.

534 3823 770 3908 venialium„
812 3816 897 3894 Hoc
924 3838 1043 3896 autem
1073 3823 1109 3895 in
1144 3818 1176 3894 se
1216 3818 1290 3915 ipso
1323 3819 1470 3917 qull'que
1500 3844 1578 3896 non

532 3932 756 4024 negligenter
781 3917 964 3994 observare
988 3920 1114 4003 debet,
1129 3918 1278 3995 studiose
1301 3920 1574 4006 perscrutando,

532 4030 679 4106 ubinam
700 4035 866 4096 creaturae
880 4023 916 4095 in
929 4017 961 4095 se
975 4019 1115 4094 lateant.
1130 4015 1174 4096 Er
1186 4016 1332 4093 tortellis
1344 4017 1489 4115 ipsemet
1500 4020 1575 4105 est,-

533 4146 595 4207 aut
609 4126 724 4218 aliqua
736 4121 877 4215 propria
889 4117 1194 4205 inordinatio,vel
1208 4121 1289 4217 quia
1303 4121 1477 4194 deamicis
1490 4119 1576 4204 suis,

533 4244 595 4306 aut
617 4221 745 4303 divitiis
772 4217 934 4313 nonnihil
956 4218 1166 4304 extollitur,
1192 4235 1254 4295 ant
1277 4217 1422 4293 forsitan
1445 4221 1589 4293 verein.
1620 4261 1626 4277 ·

533 4323 686 4428 propriis
709 4317 901 4402 institutit,
928 4319 967 4393 u
987 4321 1163 4396 exercitiis
1186 4317 1389 4416 complacet
1414 4315 1488 4393 sibi.
1518 4316 1578 4395 Ell

533 4431 639 4505 etiam
660 4423 783 4495 vitrum
799 4416 1006 4513 quoddam,
1025 4417 1113 4495 heu!
1131 4420 1232 4492 nimis
1246 4417 1356 4498 hodie
1369 4417 1573 4512 vulgarum,

534 4526 572 4604 &
595 4526 781 4605 usitatum,
799 4517 899 4612 quod
917 4540 1066 4604 ornnes,
1083 4518 1120 4592 dc
1133 4515 1276 4612 singuli,
1298 4535 1370 4591 tarn
1384 4514 1575 4613 Religioli,

532 4650 641 4725 quam
663 4615 909 4698 Beneuento,
931 4613 967 4692 de
989 4616 1164 4696 seculares
1184 4659 1195 4704 ,
1215 4619 1370 4714 privatis,
1390 4617 1494 4693 lucris
1523 4619 1579 4692 in·

532 4726 654 4811 hiant,
669 4719 806 4794 divitias
816 4714 1014 4802 cumulare,
1029 4716 1455 4810 &reconderelatagunt,
1468 4716 1579 4792 adeo-

533 4849 605 4919 que
634 4840 773 4900 tenacea
801 4815 907 4900 sunt,
933 4816 970 4892 dc
997 4820 1115 4895 avari>
1138 4834 1178 4892 ut
1207 4816 1281 4891 latit
1310 4817 1379 4889 dici
1409 4832 1590 4912 nequeat·

532 4924 656 5002 Nemo
679 4916 773 5001 sorte
802 4918 858 4992 sua
878 4964 889 4998 ‚
909 4916 1080 5015 rebusque
1102 4930 1294 4993 contentus
1317 4913 1394 5005 elit
1411 4918 1579 4992 omnium

532 5023 608 5100 hoc
634 5035 745 5107 unum
778 5016 958 5100 studium,
979 5040 1047 5092 una
1066 5013 1148 5093 cuia
1170 5015 1244 5107 est,
1270 5032 1311 5092 ut
1336 5016 1473 5090 divitias
1494 5011 1578 5100 libi,

532 5136 681 5220 quantas
706 5112 875 5210 possunt,
900 5131 1108 5213 congerant
1138 5107 1236 5193 Hinc
1266 5113 1378 5193 multa
1395 5167 1406 5198 ,
1426 5115 1463 5189 &
1484 5111 1578 5190 sum⁴

533 5221 660 5322 ptuosa
686 5215 899 5300 construunt
921 5214 1066 5298 aedificia
1085 5270 1099 5308 ,
1119 5217 1315 5316 eademque
1334 5211 1575 5313 ineptissimis,
