3892 6434
456 1318 459 1327 ·
593 1282 684 1392 '460
779 1273 937 1373 Theol.
954 1275 1071 1387 Dog,
1107 1277 1149 1363 &
1165 1268 1314 1369 Moral.
1344 1270 1440 1371 Lib.
1463 1274 1524 1369 11.

598 1453 719 1533 deret:
744 1445 898 1544 duplico
918 1447 981 1524 tibi
1000 1440 1220 1523 Sacrificium
1232 1492 1243 1528 ‚
1255 1443 1356 1545 quod
1376 1444 1455 1522 aliae
1469 1410 1658 1531 celebravi.

599 1549 714 1633 Facile
732 1552 828 1625 enim
857 1546 919 1623 fibi
945 1545 1193 1643 persuaderent
1211 1543 1464 1634 ,Sacerdotem
1496 1546 1661 1650 accipere

600 1638 839 1747 [ridendum.
865 1649 902 1723 dr
928 1669 1004 1722 non
1030 1646 1227 1741 persolvere
1255 1668 1378 1729 onus.
1403 1669 1579 1747 proquo
1603 1651 1658 1728 sti.

600 1748 773 1848 pendium
793 1748 942 1844 accepit.
970 1745 1097 1823 Casum
1117 1764 1234 1822 tamen
1249 1768 1363 1822 unum
1385 1750 1579 1845 excipiunt
1602 1770 1659 1831 ca.

599 1850 704 1927 suum
731 1849 894 1931 llrbitrii,
918 1850 955 1922 in
977 1869 1053 1945 quo
1075 1842 1257 1923 Millatum
1278 1843 1573 1941 celebrationem
1597 1874 1659 1927 aa.

602 1951 747 2044 ticipare
766 1946 949 2023 Sacerdoti
960 1944 1096 2025 licitum
1111 1945 1160 2021 eli
1176 1997 1188 2024 ‚
1208 1945 1354 2045 quaudo
1373 1945 1503 2024 scilicet
1520 1971 1573 2027 ex
1595 1952 1661 2027 ob·

602 2048 774 2145 ligatione
792 2045 937 2138 alicuius
961 2042 1115 2140 Capellae
1138 2062 1278 2122 tenetur
1300 2045 1424 2143 aliquis
1453 2062 1513 2125 tot
1540 2048 1657 2127 Miller

603 2146 748 2245 lingulis
772 2145 1056 2231 hebdomadibus
1086 2145 1286 2230 celebrare,
1318 2146 1373 2220 vel
1398 2149 1435 2221 in
1470 2147 1658 2246 posterum

530 2250 535 2260 ’
601 2264 699 2337 certa
717 2247 869 2343 quadam
890 2248 1114 2339 intentione;
1138 2262 1227 2322 tunc
1248 2243 1342 2321 enim
1368 2243 1453 2328 huic
1482 2254 1591 2327 oneri
1613 2254 1658 2327 b

601 2346 761 2433 tisiacere
781 2344 920 2444 potest,
948 2345 1022 2423 illas
1047 2349 1277 2423 antecedente
1308 2342 1539 2426 hebdomada
1566 2350 1657 2427 cele·

600 2447 759 2539 brando;
781 2444 843 2525 nili
860 2444 953 2521 forte
973 2448 1009 2526 in
1022 2445 1141 2522 litteris
1161 2444 1376 2523 fundationis
1397 2446 1492 2523 aliud
1516 2448 1661 2547 expres·

600 2546 677 2632 lum
693 2543 774 2626 elset
785 2600 795 2632 ,
807 2569 883 2644 quo
892 2542 1122 2644 praetermillo
1133 2594 1144 2629 ,
1157 2544 1354 2623 fundatoris
1375 2546 1546 2629 voluntas
1559 2549 1656 2631 eludi

600 2647 791 2729 videretur.

874 2739 1196 2837 REGULA
1247 2742 1359 2824 llL
1516 2814 1524 2821 .

546 2910 555 2923 “
594 2902 751 2983 sacerdos
772 2956 783 2988 ,
804 2902 864 2997 qur·
891 2897 1022 2991 Miffam
1046 2896 1265 2974 celebrandum
1289 2925 1361 2974 rum
1397 2919 1490 2975 certa
1521 2903 1654 2989 elem

642 3000 722 3094 [yna
744 3000 907 3097 suscepit,
928 3000 1062 3091 Miffam
1088 3003 1188 3071 alteri
1218 2999 1441 3073 celebrandam
1477 3010 1651 3076 comittere

647 3127 709 3173 non
718 3098 818 3194 potest
828 3122 922 3194 parte
932 3099 1341 3194 ejusdtmeleemofynaefibi
1354 3122 1486 3173 retenta
1501 3150 1510 3178 ,
1525 3103 1650 3196 etiamst

638 3198 779 3295 julium,
798 3204 841 3275 (θ’
852 3200 1033 3290 confractum
1046 3205 1254 3275 honorarium
1266 3202 1433 3296 perfirlvrt
1449 3201 1650 3278 celebranti.

597 3358 794 3527 Nullus
817 3364 912 3435 enim
940 3362 1049 3459 justus
1078 3361 1200 3439 titulus
1231 3361 1281 3437 est
1307 3362 1385 3448 illi,
1414 3363 1477 3459 qui
1509 3359 1649 3439 illillam

716 3483 800 3537 cum
824 3476 918 3538 certa
939 3463 1157 3561 eleemosyna
1177 3462 1343 3557 soluerit,
1364 3463 1541 3560 alterique
1563 3465 1652 3540 cele·

599 3560 771 3641 brendam
796 3565 1014 3648 committit,
1043 3563 1215 3638 retinendi
1243 3562 1304 3636 srbi
1327 3580 1464 3660 partem
1494 3562 1652 3640 eleemo-

599 3659 720 3759 fynae;
740 3660 794 3742 illa
813 3657 985 3755 liquidem
1005 3679 1080 3738 tota
1104 3678 1233 3758 quanta
1254 3662 1324 3746 est,
1345 3662 1394 3737 ob
1422 3659 1568 3738 Millam
1594 3686 1653 3739 ce·

601 3758 806 3835 lebrandam
833 3761 881 3836 est
907 3778 1078 3856 erogata,
1108 3762 1271 3858 adeoque
1299 3762 1345 3835 illi
1379 3760 1541 3837 indebita
1560 3766 1648 3858 ‚qui

598 3881 676 3945 non
696 3860 857 3934 celebrat.
894 3861 950 3934 Ab
978 3859 1052 3954 ipso
1084 3861 1236 3956 proinde
1268 3884 1342 3936 uon
1369 3858 1485 3935 lolum
1521 3861 1652 3960 absque

600 3961 714 4055 turpis
735 3957 823 4047 lucri
851 3975 962 4044 uota,
989 3958 1046 4034 sed
1067 3961 1196 4057 abique
1221 3960 1302 4034 forti
1330 3962 1479 4037 crimine
1505 3964 1651 4039 retineri

599 4081 679 4156 pars
698 4058 772 4150 ejus
786 4080 860 4133 non
883 4058 1022 4151 potest,
1044 4060 1078 4134 dr
1096 4059 1303 4140 stretineat‚
1325 4063 1368 4133 ad
1387 4060 1649 4139 restitutionem

599 4157 786 4239 tenebitur·
813 4155 923 4253 Eique
946 4159 1016 4255 legi
1035 4183 1109 4234 non
1130 4158 1243 4235 solum
1265 4161 1388 4256 privati
1414 4158 1648 4249 Sacerdotes.

598 4254 658 4343 sed
684 4257 845 4344 AEditui,
865 4256 934 4332 ssve
960 4258 1140 4344 sacristae,
1170 4263 1374 4357 quatumvis
1409 4254 1648 4341 Eccleliarum

598 4356 787 4451 subjacent·
815 4356 901 4432 Non
923 4356 1066 4452 polluut
1086 4362 1179 4433 enim
1196 4358 1325 4454 absque
1346 4362 1441 4452 turpi
1462 4359 1594 4447 lucro,
1616 4362 1651 4437 dt

596 4456 716 4541 furto,
740 4472 875 4550 partem
896 4456 1124 4557 eleemosynae
1145 4456 1223 4555 ipsrs
1243 4458 1379 4533 collatae
1397 4504 1408 4539 ,
1428 4460 1472 4535 ad
1495 4460 1648 4538 celebra·

598 4561 735 4637 tionem
760 4554 871 4632 lllillae
888 4611 898 4640 ,
915 4581 948 4630 v.
961 4582 998 4653 g.
1028 4582 1074 4634 ex
1100 4556 1223 4633 allrbus
1256 4558 1378 4633 decem
1402 4556 1463 4633 sibi
1488 4565 1650 4660 quinque

596 4657 814 4740 retinere,&
834 4659 994 4751 quinque
1013 4660 1166 4753 reliquos
1186 4658 1266 4732 dare
1279 4656 1482 4741 Sacerdoti,
1503 4665 1544 4735 iis
1567 4685 1650 4756 pro-

596 4758 720 4837 vintiis
739 4756 902 4851 degenti,
927 4760 962 4831 in
988 4760 1113 4854 quibus
1130 4756 1294 4833 consueta
1317 4780 1384 4854 pro
1407 4757 1651 4837 celebratione

596 4851 711 4933 ululae
722 4856 939 4952 eleemosyna
951 4856 1489 4955 estquinquealliumduntaxat.
1503 4861 1653 4954 Quam·

596 4958 647 5041 ais
670 4960 763 5032 eninr
777 4956 812 5029 id
829 4956 930 5030 cedat
947 4961 982 5030 in
1007 4957 1244 5032 commodum
1268 4956 1423 5032 Ecclelre
1448 5013 1458 5042 ,
1479 4966 1536 5035 vel
1559 4984 1649 5037 con·

594 5075 721 5128 uentus
744 5056 887 5148 alicujus
913 5054 1123 5141 Parilrensts,
1147 5081 1213 5131 nec
1233 5057 1437 5151 provinciali
1454 5057 1649 5138 Sacerdoti

589 5152 662 5231 fieri
678 5157 835 5231 videatur
850 5158 971 5248 injuria
989 5212 998 5239 ‚
1014 5160 1069 5231 cui
1086 5159 1295 5250 stipendium
1310 5155 1394 5232 illud
1410 5178 1558 5252 gratum
1576 5161 1651 5256 ella

328 5256 391 5409 N
584 5251 816 5347 nibilominus
832 5274 1000 5361 peccatur
1019 5281 1146 5336 contra
1170 5259 1356 5353 julinum,
1377 5262 1459 5355 quia
1483 5262 1646 5340 eleemo-

1498 5362 1589 5459 l'yna
