3892 6434
535 949 605 1042 De
632 947 902 1043 Sacramento
930 932 1205 1051 nuchuist'in
1320 884 1409 1065 '4³⁰7

348 1151 392 1206 ae
418 1121 553 1199 devoto
585 1121 748 1220 corporis
782 1110 944 1208 alled'u.
975 1145 1053 1199 non
1088 1120 1201 1201 solum
1238 1098 1394 1222 corpote

351 1219 613 1398 adfisfeifssf’olus
634 1319 669 1393 in
686 1274 1162 1417 conelledrolanenfipp.
1185 1337 1210 1391 2
1240 1339 1391 1421 cap.,1o·

305 1443 309 1453 '
350 1425 470 1503 statuit
493 1437 532 1498 ut
554 1475 577 1510 2>
590 1473 612 1509 ‚2
639 1417 734 1498 Cum
749 1416 920 1495 Sacerdos
933 1417 978 1494 ad
995 1418 1112 1496 Altam
1125 1417 1321 1508 accelletit,
1342 1422 1392 1499 sa·

350 1521 525 1601 crificium
548 1514 660 1594 lllillae
673 1517 845 1604 indutus,
863 1513 1041 1605 Clericus,
1054 1521 1116 1616 qui
1128 1520 1273 1596 tuncilli
1287 1525 1392 1597 mini.

351 1625 518 1700 straturus
542 1618 591 1694 est
610 1672 620 1702 ,
640 1620 701 1695 ubi
728 1617 812 1701 alius
842 1641 916 1694 non
938 1616 981 1701 fit
1003 1662 1013 1693 2
1031 1621 1093 1717 qui
1112 1637 1200 1697 tunc
1217 1620 1290 1696 hoc
1310 1618 1391 1703 offi.

349 1727 447 1801 cium
471 1718 637 1814 praestate
653 1715 778 1813 pollis,
797 1717 1052 1814 circumspiciat
1079 1718 1277 1805 adstantes,
1303 1722 1339 1795 dc
1362 1719 1401 1796 tr.
1554 1732 1556 1737 ’

351 1824 555 1921 quempiam
578 1817 860 1935 animadverterit
881 1841 1013 1893 marem
1032 1867 1043 1902 ,
1060 1818 1115 1894 vel
1134 1819 1311 1899 &minam
1336 1823 1390 1895 in·

351 1918 557 2016 composito
580 1919 741 2014 corporis
766 1913 917 1994 habitu,
943 1917 997 1993 vel
1014 1918 1100 2011 ¹alias
1120 1941 1203 1996 cum
1237 1922 1384 2013 injuria.

350 2022 409 2099 vel
437 2019 657 2094 irreverentia
690 2013 880 2101 santiillsnri
901 2016 991 2102 illius
1024 2015 1175 2102 sacrificii
1204 2015 1387 2094 intetelles

350 2134 496 2199 moneat
509 2120 688 2229 ggaviter..
718 2112 820 2195 illilla
839 2115 1390 2215 verornchoanmquidhuius.

351 2218 453 2300 modi
479 2215 537 2302 fit,
555 2215 628 2293 hoc
649 2213 743 2291 idem
766 2211 925 2300 officium
941 2217 1158 2294 admonendi
1191 2218 1390 2295 itidemilla

351 2317 504 2399 minister
531 2314 687 2393 Clericus
707 2310 843 2408 prestet
863 2316 1041 2400 modeste,
1060 2319 1096 2392 &
1115 2321 1270 2415 graviter
1293 2374 1315 2409 ‚,
1328 2364 1364 2409 „-

404 2416 458 2494 Ex
495 2415 549 2490 his
583 2433 680 2512 patet
707 2429 838 2507 quanta
876 2417 1124 2492 emendatione
1154 2418 1310 2514 indigeat
1332 2415 1390 2492 illc

351 2516 509 2601 obulus.
535 2514 672 2614 quoad
697 2509 809 2597 Mille
843 2515 1071 2594 ministerium
1104 2513 1224 2614 pallim
1256 2517 1396 2596 admitti

350 2618 464 2696 solent
488 2620 586 2711 pueri
611 2630 701 2697 ,aut
724 2615 861 2691 viliores
898 2614 1096 2695 homines,
1123 2623 1186 2712 qui
1210 2615 1282 2693 fine
1319 2618 1395 2693 ullo

351 2718 490 2816 pietatis
513 2711 632 2791 sensu,
649 2728 710 2795 aut
732 2713 850 2788 cordis
873 2713 1024 2800 affeilu,
1047 2714 1118 2795 fine
1142 2715 1210 2794 ulla
1226 2733 1298 2792 tam
1317 2717 1396 2792 lub-

351 2817 468 2900 limis,
495 2813 672 2892 &untia
696 2812 886 2889 functionis
905 2815 1158 2911 intelligentia,
1176 2837 1250 2891 non
1280 2833 1395 2891 atten-

351 2917 475 2993 dentes
492 2913 535 2989 ad
553 2937 615 2998 ea,
630 2933 708 3010 qnae
731 2911 879 2996 dicunt,
896 2926 956 2989 aut
971 2930 1107 3011 agunt,
1129 2916 1165 2991 δι
1195 2937 1273 3012 quae
1295 2938 1313 2987 a
1335 2915 1396 2989 Sa·
1423 2946 1425 2953 ·

351 3016 499 3095 cerdote
518 3014 711 3098 dicuntur,
738 3013 774 3085 u
798 3028 978 3106 aguntur,
1000 3014 1096 3090 velut
1120 3013 1255 3109 plittaci
1283 3010 1398 3089 lllillae

350 3112 588 3209 respondent,
614 3110 712 3194 velut
734 3108 839 3199 sitniae
865 3113 1070 3188 ministrant.
1101 3116 1192 3189 Sanc
1218 3121 1399 3191 cummi,

351 3217 456 3293 niller
479 3209 631 3291 sacrificii
646 3208 830 3286 Sacerdoti
849 3210 1063 3308 respondens
1075 3260 1085 3294 ‚
1096 3214 1190 3289 vices
1203 3215 1313 3292 totius
1330 3234 1398 3307 po.

351 3314 426 3413 puli
441 3312 597 3410 suppleat
612 3360 622 3394 ‚
636 3311 670 3385 ἃ
685 3308 817 3410 publici
830 3304 991 3388 Eccleliae
1016 3313 1160 3389 ministri
1174 3331 1288 3412 partes
1299 3328 1399 3407 agat.

351 3414 518 3489 indecens
535 3411 596 3492 s&
618 3409 807 3505 indignum
829 3410 878 3486 est
903 3413 991 3488 tanti
1016 3410 1178 3511 Mysterii
1198 3411 1399 3496 funditate,

351 3528 394 3597 ut
415 3513 537 3610 pueri,
565 3527 625 3586 aut
658 3508 803 3585 viliffimi
823 3507 1012 3597 homines,
1034 3510 1155 3588 habitu
1180 3510 1347 3604 sordido,
1363 3512 1401 3591 ds

351 3609 618 3702 inconposno,
642 3609 677 3684 in
700 3609 791 3686 illius
811 3609 991 3687 funilione
1014 3613 1194 3692 ministerii
1223 3635 1298 3687 non
1322 3610 1398 3688 latis

352 3710 529 3794 inllruili,
556 3708 756 3792 immodesti
773 3763 783 3793 ‚
802 3710 837 3780 &
853 3711 1073 3804 immorigeri
1087 3711 1257 3798 ,adillam
1271 3711 1400 3786 adnrit-

352 3809 542 3900 tantur3&
568 3807 688 3904 quod,
717 3809 776 3882 ubi
798 3805 927 3888 Clerici
950 3808 1120 3888 deliciunt
1143 3854 1153 3883 2
1179 3810 1400 3889 honestiores

354 3907 434 3986 laici
457 3903 572 3987 mrffae
595 3907 843 3997 celebrationi,
876 3909 977 4006 quod
1006 3907 1401 3989 totiusEcclefiaelirm-
1540 3958 1542 3962 -
1594 3876 1596 3880 Ι
1676 4004 1679 4013 Ι

353 4031 477 4090 mum,
499 4004 767 4085 &sacerrimum
789 4011 976 4102 negotium
1004 4008 1052 4084 eil
1075 4052 1085 4083 ,
1112 4009 1328 4093 ministrare,
1360 4009 1398 4083 δι

354 4106 525 4183 sacerdoti
552 4105 764 4201 respondete
785 4105 983 4203 refugiant,
999 4108 1034 4186 dc
1052 4109 1253 4184 erubescant
1277 4106 1400 4205 squali

353 4230 393 4288 ea
418 4205 553 4292 functio
577 4227 773 4302 puerorum
793 4221 956 4293 tantum,
987 4227 1049 4284 aut
1072 4207 1253 4291 servotum
1267 4205 1361 4289 elles.

652 4388 976 4480 reunsi
1027 4355 1105 4473 vr.

353 4544 527 4638 Miliarem
547 4532 703 4636 fictarum
723 4548 896 4620 celebratio
908 4600 918 4634 ‚
942 4559 1096 4648 quamvis
1125 4549 1299 4647 aliquando
1321 4550 1401 4623 tole.

567 4667 664 4728 rata,
681 4652 839 4745 permitti
866 4666 976 4722 tamen
1003 4676 1065 4722 non
1081 4648 1186 4734 debet,
1390 4656 1392 4660 ’
1526 4648 1528 4656 ’

357 4801 459 4973 Μ
475 4801 533 4920 ills
555 4800 638 4923 fisce
659 4805 747 4883 diila
768 4806 846 4893 eil,
868 4832 948 4909 quae
967 4832 987 4885 a
1015 4792 1205 4925 Sacerdote
1224 4806 1325 4927 sactis
1346 4834 1403 4885 se·
1458 4823 1554 4899 ilinc
1638 4905 1641 4913 Ι

492 4904 600 4989 itibus
614 4906 903 5007 induto,absque
916 4904 1133 4997 Oblatum.
1148 4906 1320 5005 Secreta.
1333 4906 1402 4995 Cn·
1426 4898 1536 4989 dtas.-

455 5046 458 5051 ·
488 5126 491 5131 ¹
754 5000 830 5094 Ee
858 5030 876 5104 ς
1184 5046 1189 5065 ·
1229 5030 1366 5103 nune„

1604 5058 1673 5105 -s
