3892 6434
381 943 392 969 ’
533 917 605 1011 De
633 895 902 1011 sacramento
928 901 1204 1045 Eucharistia'.
1329 941 1410 1037 167·

353 1097 468 1174 etiam
483 1089 621 1171 Nicaeni
634 1088 788 1171 Consilii
801 1096 998 1190 agnoverit
1025 1048 1139 1174 Porro
1157 1080 1283 1172 deferri
1294 1057 1405 1195 ipia'n

355 1194 490 1271 sacram
513 1189 763 1270 Eucharistiam
788 1195 833 1268 ad
861 1193 1041 1282 infirmos,
1057 1197 1094 1271 dr
1112 1195 1209 1273 hunc
1223 1198 1324 1273 usum
1356 1197 1411 1275 di·

357 1293 508 1389 iigenter
531 1295 567 1369 in
596 1289 756 1370 Eceleiris
780 1294 1010 1383 conservari,
1044 1311 1277 1393 preterquam
1305 1294 1410 1395 quod
1461 1319 1465 1327 ·

356 1417 446 1472 curn
464 1392 599 1470 summa
628 1396 816 1490 aequitate,
846 1395 883 1472 dr
906 1394 1046 1470 ratione
1070 1394 1304 1491 conrardum
1332 1395 1404 1483 est,

357 1508 437 1570 tum
460 1493 577 1570 multis
600 1493 637 1568 in
653 1490 823 1569 Consiliis
845 1509 1065 1589 preceptum
1077 1497 1275 1574 inuenitur,
1290 1497 1326 1571 du
1348 1519 1411 1571 ve·
1546 1526 1552 1537 Χ

355 1590 541 1671 rustifflmo
570 1589 755 1671 catholice
774 1588 936 1670 Ecciefiar
960 1615 1062 1669 more
1081 1593 1143 1673 ¹est
1170 1595 1408 1678 observatum.

352 1690 481 1785 Quare
501 1691 612 1769 santia
632 1690 709 1768 haee
739 1690 908 1790 Synodus
928 1690 1156 1769 retinendum
1181 1696 1334 1774 omnino
1360 1693 1410 1774 sa·

354 1792 506 1871 luterem
530 1791 652 1871 hunc,
671 1795 706 1869 &
724 1790 952 1869 neceffarium
968 1815 1109 1870 morem
1126 1791 1242 1871 statuit
1263 1848 1285 1884 „
1297 1849 1329 1884 ‚,.
1380 1868 1384 1879 ,

352 1944 355 1949 -
406 1887 450 1969 Et
463 1888 553 1968 can.
567 1907 603 1984 7.
629 1946 684 1984 „„
706 1889 743 1967 Si
762 1894 843 1989 quis
864 1892 995 1969 dixerit
1017 1947 1029 1979 .
1055 1915 1131 1968 non
1149 1891 1253 1969 licere
1277 1891 1408 1974 sueram

350 1984 607 2074 Eucharistiam
642 1994 680 2066 in
701 1990 848 2068 sacrario
871 1992 1065 2084 rei'errari3
1097 1990 1154 2068 sed
1183 1992 1296 2068 statim
1325 1992 1407 2088 post

353 2088 670 2177 consecrationem
680 2089 893 2170 adstantibus
905 2088 1095 2171 ueceffario
1107 2090 1405 2185 distribuendam3

348 2207 515 2270 autnon
540 2190 720 2273 riceremt
736 2190 793 2267 iila
814 2191 858 2267 ad
885 2188 1048 2269 infirmos
1061 2189 1260 2274 honorifice
1273 2190 1407 2269 defera-

343 2307 413 2369 ntur
426 2310 440 2379 ς
455 2288 638 2367 anathema
661 2286 703 2365 iit
720 2327 792 2381 „·„·
818 2287 934 2387 Hujus
949 2289 1108 2368 Canonis
1126 2290 1286 2370 doctrina
1310 2290 1409 2388 dog·

351 2413 414 2470 rna
444 2387 525 2469 fidei
552 2389 601 2464 est
622 2404 748 2466 contra
777 2388 1036 2477 calvinianos,
1069 2393 1105 2466 da
1139 2387 1405 2473 Luthera'nosu

352 2489 447 2568 [acm
470 2486 624 2586 Synodo
645 2486 862 2585 explicatum
877 2545 886 2576 ,
901 2493 938 2567 dr
958 2489 1224 2568 confirmatum.

345 2652 353 2667 .
405 2585 539 2666 Hostiae
559 2587 768 2666 consecrata
783 2613 851 2685 pro
878 2587 1056 2667 Perochiae
1081 2589 1404 2686 magnitudines&

354 2690 701 2769 communicantium
722 2689 971 2766 multitudine,
992 2693 1027 2764 in
1045 2691 1187 2785 pixide,
1211 2690 1247 2765 δι
1270 2688 1405 2766 Taber-
1470 2686 1472 2691 ’

352 2789 486 2867 nacuio
507 2784 714 2868 asservando
735 2784 838 2874 suut,
855 2787 913 2862 sed
944 2791 1105 2886 quinque
1133 2788 1252 2864 saitem
1277 2812 1404 2886 perpe-

350 2887 681 2966 tuocustodiendae·
708 2885 771 2973 Eas
791 2904 909 2964 autem
930 2888 1059 2969 odavo
1080 2909 1228 2985 quoque
1242 2884 1320 2971 die,
1345 2887 1403 2966 vel

352 2987 476 3065 saitem
497 2986 771 3083 decimoquinto
785 2984 957 3064 Sacerdos
981 2988 1191 3063 renovabit,
1213 2985 1402 3082 prasertim

353 3090 478 3186 quinta
491 3085 740 3184 quaqueieria,
760 3083 785 3161 fi
802 3086 1040 3165 commodum
1050 3088 1116 3164 erit
1128 3141 1142 3172 ,
1154 3089 1190 3160 in
1211 3109 1281 3183 qua
1298 3084 1405 3162 Chri·

352 3188 426 3264 stus
450 3183 632 3273 Dominus
663 3185 737 3262 hoc
769 3202 909 3269 tantum
934 3187 1199 3264 Sacramentum
1240 3185 1400 3268 instituit.

352 3281 488 3365 Hostiae
507 3303 625 3362 autem
646 3284 879 3363 adhibeantur
898 3299 1078 3370 recentes,
1094 3285 1127 3360 dr
1147 3309 1167 3361 a
1186 3287 1311 3382 uiginti
1327 3284 1402 3360 die·

351 3386 421 3462 bus
442 3385 486 3460 ad
520 3384 697 3461 summum
727 3384 909 3465 confectas.
941 3386 983 3463 id
1015 3387 1101 3463 v'ero
1131 3385 1235 3461 etiam
1265 3383 1403 3480 praesta·

352 3485 429 3569 bit,
452 3497 493 3561 ut
512 3486 571 3563 ubi
585 3500 741 3568 recentes
757 3485 1034 3571 consecraverit,
1058 3502 1191 3560 veteres
1205 3486 1323 3581 primo
1335 3487 1403 3561 mi·

352 3583 488 3663 nistret.
510 3582 524 3659 1
529 3601 560 3659 ta
573 3589 605 3654 u.
613 3585 747 3654 caroius
758 3588 798 3660 in
808 3581 1095 3663 lustrutiionibus
1105 3581 1343 3660 Eucharistiae.
1360 3584 1398 3666 ua

354 3683 532 3782 pleraeque
555 3682 694 3783 Synodi
718 3708 802 3761 cum
821 3683 1052 3762 Provinciules
1077 3700 1156 3763 tum
1171 3681 1402 3774 Dioecesanu·

344 3860 347 3865 ·
454 3837 456 3841 ·
525 3834 1229 3964 cousucrruruurrt

355 3991 861 4157 {Corpusssirristieiisub
873 3998 985 4097 specie
998 3998 1096 4114 panis
1111 4051 1122 4083 ,
1135 3996 1328 4093 &Sanguis
1337 3996 1401 4076 sub

354 4149 455 4287 :nu
475 4094 1402 4294 ditiis&{iiiiiir'istitt‘irssifiiiti

355 4315 466 4389 „qne
488 4292 549 4370 sub
575 4310 742 4395 utraque,
756 4301 790 4371 vi
803 4296 965 4373 naturalis
978 4299 1065 4372 iliius
1087 4297 1346 4376 connexionis,
1362 4295 1401 4376 de

338 4447 378 4486 .„
395 4397 701 4472 concomitantia,
717 4419 785 4494 qua
806 4415 921 4494 partes
935 4391 1314 4494 ChristiDonriui,qui
1329 4402 1402 4488 jam
1534 4403 1591 4494 fx
1633 4383 1639 4396 ⁸

355 4515 437 4585 „err
460 4497 612 4570 mortuis
634 4493 818 4573 resurrexit
830 4520 904 4577 uon
915 4496 1065 4591 amplius
1079 4498 1271 4571 moriturus
1285 4550 1294 4579 ,
1309 4497 1400 4569 inter·

351 4647 378 4684 „
393 4589 422 4665 ie
435 4594 672 4687 copulantur3
691 4593 863 4670 Diu-initas
880 4619 990 4694 porro
1001 4607 1149 4691 propter
1159 4595 1398 4670 admirabilem

352 4690 479 4806 „iiiam
503 4694 578 4787 ejus
603 4717 695 4770 cum
718 4717 901 4792 corpore,
923 4696 960 4770 dc
991 4698 1106 4770 anima
1140 4689 1400 4792 hypostaticam

356 4825 361 4833 ¹
394 4814 563 4866 unionem
607 4843 618 4867 2

337 4846 377 4957 ,ν
411 4849 613 4973 varuasur'r'r
630 4890 1050 5075 comitiizrruueiun.
1073 4914 1151 4993 ean.
1165 4913 1198 4986 3.
1222 4887 1401 5009 Quaedam

862 5013 893 5094 4
1247 5007 1355 5093 rguut
