3892 6434
328 713 1694 1013 .

303 1036 311 1051 ⁸
601 1060 608 1091 r

587 1278 674 1365 φα
782 1244 940 1347 Theoi.
961 1250 1081 1358 Dog.
1108 1249 1150 1339 &
1172 1244 1324 1345 morat
1344 1248 1437 1339 Lib.
1457 1246 1518 1343 ΙΙ.

446 1472 452 1500 .
592 1424 773 1506 Ceterum
797 1436 878 1523 quae
898 1444 967 1522 pro
990 1422 1142 1499 mortuis
1162 1424 1415 1518 concipiuntur
1437 1440 1580 1518 preces,
1604 1420 1649 1503 iu

593 1527 696 1605 utiles
718 1524 818 1609 suut,
841 1520 977 1599 tanretfi
998 1544 1075 1598 non
1096 1545 1222 1597 omnes
1238 1522 1359 1618 cuipas
1379 1524 1564 1609 (mareotes
1577 1520 1649 1606 sei.

525 1638 529 1643 ’
593 1618 935 1720 herriextinguant.
967 1621 1104 1700 Verum
1131 1644 1177 1696 ex
1191 1644 1236 1696 eo
1250 1622 1420 1720 prosunt,
1440 1621 1541 1718 quod
1572 1622 1649 1719 plt-

593 1747 748 1824 rumque
767 1722 854 1799 duni
876 1720 995 1823 adhue
1017 1727 1053 1797 in
1074 1738 1165 1798 tetra
1183 1722 1371 1819 degimus,
1403 1721 1553 1819 sponte,
1584 1736 1647 1799 aut

595 1826 697 1901 inviti
722 1825 939 1908 titubemus;
953 1835 994 1897 ut
1005 1822 1062 1909 id,
1077 1822 1177 1919 quod
1189 1820 1372 1915 perfetiiua
1385 1822 1456 1907 est,
1472 1819 1652 1918 significe-

596 1938 666 2001 tur.
695 1923 789 1998 Nam
813 1919 1160 2020 Justorumpariter,
1182 1922 1218 1996 δι
1237 1936 1468 2019 peccatorum
1488 1924 1649 1997 mentio-

595 2048 679 2114 pem
702 2023 872 2117 i'aeimus3
887 2042 1119 2119 peccatorum
1138 2021 1283 2118 quidem
1297 2072 1307 2104 ‚
1321 2038 1361 2098 ut
1381 2023 1456 2096 iisa
1477 2018 1649 2098 Domino

595 2122 870 2201 misericordiam
888 2119 1338 2219 imploremusrjustorum
1359 2139 1501 2208 autem,
1526 2122 1564 2197 &
1584 2118 1650 2199 Pa·-

596 2230 717 2310 t'rum,
743 2245 785 2300 ae
805 2220 1083 2299 Patriareharum
1107 2265 1117 2295 2
1141 2222 1400 2318 Prophetarum
1420 2269 1430 2308 ,
1450 2220 1649 2318 Apostolo-

593 2342 678 2400 tum
704 2373 715 2407 ‚
740 2320 1037 2421 Evangelistarum
1062 2372 1074 2406 ,
1098 2319 1302 2420 Martyrum
1331 2368 1341 2400 ‚
1370 2316 1649 2407 Conieiiorum,

520 2486 525 2491 .
595 2419 857 2520 Episcoporum
872 2476 882 2507 ,
897 2422 1202 2499 Anachnretarum
1226 2477 1236 2508 ,
1258 2445 1299 2497 ac
1329 2436 1438 2498 caetus
1458 2421 1550 2497 iliius
1565 2424 1650 2497 uni·

597 2522 702 2601 versi,
716 2539 755 2599 ut
768 2520 969 2599 Dominum
982 2518 1099 2618 Jesum
1116 2522 1296 2605 Christum
1309 2520 1471 2618 singulari
1483 2521 1662 2620 quodam·

597 2621 741 2699 honore
765 2620 1015 2719 prosequentes
1035 2645 1055 2695 a
1073 2639 1284 2698 caeterorum
1302 2620 1492 2696 hominum
1519 2621 1649 2696 ordine

598 2722 846 2817 segregemus,
864 2722 1098 2820 debitumque
1119 2722 1257 2798 cultum
1274 2722 1365 2797 iliius
1389 2719 1564 2817 majestati
1583 2723 1649 2795 tri·

598 2822 771 2897 buamus·¹
785 2819 831 2891 Ee
849 2823 947 2914 prun
963 2819 1042 2914 post·
1069 2818 1270 2897 Neceffario
1283 2820 1395 2896 facere
1416 2819 1503 2897 iliud
1526 2817 1650 2895 Eccle-

599 2918 685 2997 siam
698 2920 802 3005 dico,
820 2943 899 3020 quae
912 2919 1080 2998 traditum
1103 2921 1165 2997 fibi
1185 2918 1310 2997 Ritum
1328 2921 1465 2995 iiiuma
1492 2916 1647 3014 Maioris

598 3021 667 3096 bus
688 3027 875 3115 acceperit
902 3018 1022 3098 Potest
1043 3021 1332 3121 veroquisquam
1352 3036 1547 3095 maternam
1572 3020 1650 3094 san·

589 3120 758 3197 'dionem
781 3164 792 3203 ‚
815 3137 875 3197 aut
897 3121 1015 3219 legem
1040 3123 1146 3220 patris
1167 3137 1322 3196 evertere
1347 3120 1363 3187 i
1395 3118 1649 3212 Quemadmo-

400 3218 490 3289 trev.
513 3231 540 3285 1·
555 3226 584 3292 ι
599 3222 691 3299 dum
714 3245 734 3296 a
752 3218 947 3297 Salomone
966 3221 1134 3316 scriptum
1154 3221 1230 3295 est:
1258 3218 1351 3291 Audi
1372 3262 1382 3295 ‚
1390 3218 1443 3304 liu
1458 3272 1469 3304 ,
1483 3224 1649 3305 temones

489 3401 490 3405 Ἰ
603 3322 716 3392 Patris
733 3323 807 3408 tui,
819 3322 862 3393 (9‘
878 3344 916 3389 ne
933 3322 1066 3415 repelles
1085 3321 1169 3414 leges
1184 3329 1308 3390 Matres
1324 3324 1395 3393 tue.
1422 3319 1566 3412 Quibus
1587 3316 1650 3394 Pa·

603 3434 714 3506 trem,
728 3420 862 3497 hocest
872 3419 1106 3517 Unigenitum
1134 3419 1252 3498 Deum
1274 3441 1357 3497 cum
1380 3420 1510 3514 Spiritu
1529 3418 1648 3494 saneto
1691 3508 1693 3518 Ι

604 3522 758 3599 declarat
775 3526 903 3618 partim
916 3522 1047 3618 scripto
1061 3577 1070 3606 ,
1085 3524 1211 3619 partim
1230 3520 1300 3596 fine
1318 3520 1449 3616 scriptu
1462 3515 1650 3600 docuiffe3

604 3621 762 3699 Matrem
796 3646 882 3697 vero
904 3622 1061 3697 nostram
1095 3618 1279 3697 Eccleiiam
1305 3618 1458 3696 Decreta
1481 3619 1651 3718 quaedam

605 3720 735 3796 habere
753 3743 860 3816 penes
873 3721 928 3807 se,
955 3743 1034 3820 quae
1058 3718 1216 3806 diffoivi,
1237 3722 1417 3815 evertique
1452 3733 1650 3816 nequeunt.

605 3818 700 3912 Quae
714 3823 858 3916 quidem
879 3843 963 3896 cum
996 3823 1033 3894 in
1062 3817 1209 3896 Eccieiiu
1231 3823 1420 3897 constituta
1442 3817 1531 3903 sint,
1560 3838 1650 3914 prae-

605 3918 940 4019 ciara,quidem‚ac
967 3922 1107 4015 penitus
1122 3921 1404 3997 adnrirandmex
1417 3917 1578 4014 hocipio
1591 3940 1659 3994 ca·¹

604 4023 679 4116 pite
701 4036 875 4095 veterator
903 4019 959 4094 ilie
974 4023 1202 4097 convincitur
1221 4076 1242 4111 ‚,
1256 4076 1292 4110 ,‚.

652 4125 685 4191 S·
702 4119 809 4207 ,Joau
834 4117 945 4210 Chrys.
973 4116 1121 4212 Hom.3
1169 4127 1205 4194 in
1237 4118 1425 4213 Epistulam
1453 4114 1496 4190 ad
1519 4112 1650 4214 Philip·

598 4269 654 4316 ,,,,
683 4219 769 4295 Non
785 4219 905 4297 frustra
926 4216 1087 4314 (inquit)
1114 4221 1189 4296 haec
1206 4222 1249 4294 ab
1267 4218 1476 4317 Apostoiicis
1498 4215 1580 4292 sunt
1602 4218 1649 4290 ie·

629 4324 703 4395 ihus
728 4321 943 4405 constituta,
965 4323 1062 4396 utin
1094 4323 1323 4402 venerandis,
1340 4336 1446 4412 atque
1470 4314 1648 4390 horrificis

597 4344 778 4518 §tyrreno
798 4423 967 4495 memoria
987 4443 1111 4496 eorum
1131 4418 1211 4504 fiat,
1233 4423 1294 4517 qui
1309 4413 1540 4495 decesserunt.
1568 4415 1651 4490 No-

597 4536 721 4596 verant
736 4518 819 4594 hinc
841 4519 995 4595 muitum
1013 4520 1056 4594 ad
1075 4518 1152 4592 iilos
1172 4518 1261 4593 lucri
1277 4520 1466 4599 accedere,
1491 4514 1650 4592 muitum

598 4620 768 4696 utilitatis·
796 4617 851 4696 Eo
868 4622 962 4694 enirn
986 4633 1172 4715 tempore,
1191 4642 1266 4715 quo
1289 4614 1465 4695 universus
1490 4615 1650 4710 populun

598 4718 664 4794 stat
683 4721 844 4795 manibus
868 4716 966 4815 puffis
979 4768 990 4805 ,
1005 4742 1046 4794 ac
1069 4733 1186 4794 coetus
1211 4717 1462 4801 sacerdotalis,
1483 4718 1521 4788 δι
1546 4715 1650 4790 iilum

600 4818 788 4895 horrorem
804 4821 1038 4895 venerationis
1055 4818 1200 4914 plenum
1216 4820 1388 4893 incutiens
1403 4814 1649 4901 Sacrificium

599 4918 793 5017 quomodo
820 4916 937 4995 Deum
964 4942 1039 4993 non
1063 4919 1277 5013 placabimus
1300 4939 1367 5012 pro
1393 4914 1457 4988 illis
1479 4911 1649 4990 orantesi

600 5026 721 5115 Atque
732 5020 767 5094 id
781 5020 923 5116 quidem
940 5017 985 5093 de
998 5021 1058 5102 iis,
1079 5018 1184 5114 quiin
1204 5015 1271 5090 fide
1285 5012 1510 5090 dii'cess'erunt
1529 5059 1599 5104 „‚‚.

520 5146 525 5152 ·
655 5126 686 5190 S.
703 5116 889 5205 Anthrofius
915 5118 975 5199 lib.
995 5136 1028 5187 2·
1056 5114 1163 5213 Epist.
1181 5128 1213 5201 8·
1236 5117 1280 5191 ad
1308 5117 1495 5187 Fauiirnune
1522 5115 1569 5188 de
1596 5111 1651 5188 so·

328 5214 478 5429 ἣ
605 5220 695 5296 rotie
718 5220 821 5298 obitu
840 5217 1087 5299 consolatorie·
1112 5268 1168 5311 Η
1190 5215 1316 5312 ltaque
1335 5238 1411 5297 non
1431 5230 1503 5297 tam
1525 5211 1652 5308 deplo·

1522 5335 1605 5392 rau·
