3892 6434
524 905 596 1001 De
625 903 893 1011 Sacramenta
909 903 1200 1041 ¹liuclqarii‘llae.
1318 931 1399 1013 293

347 1081 406 1163 vel
424 1077 627 1178 corporati,
646 1083 751 1159 etiam
768 1080 848 1183 posi
867 1078 1024 1163 haustam
1044 1079 1263 1159 ablutionem
1283 1099 1403 1174 reper-

349 1198 426 1267 tas,
444 1181 558 1257 statim
584 1177 719 1268 sumere
739 1180 879 1283 potell;
897 1182 978 1277 quia
1014 1179 1150 1259 illarum
1178 1176 1333 1278 sumptio
1357 1174 1404 1261 ad

349 1285 479 1367 unius,
507 1285 542 1355 dr
575 1278 730 1378 ejusdem
756 1278 923 1365 Sacrificii
949 1280 1299 1359 consummationem
1323 1296 1405 1375 per·

349 1383 450 1458 tinet.
479 1377 597 1459 lmrno
617 1381 654 1455 dr
676 1378 826 1472 hostiam
850 1382 1025 1479 integram
1048 1379 1102 1457 rel
1129 1378 1245 1478 plures
1268 1374 1404 1453 sumere

349 1479 495 1586 potest,
529 1477 553 1559 fi
582 1478 711 1578 absque
742 1481 976 1563 irreverentiae
1010 1480 1170 1578 periculo
1204 1475 1403 1561 conservari

349 1576 641 1765 {statiellas
656 1578 1211 1779 :stalli{titillari
1229 1572 1401 1754 hillis

349 1794 423 1862 rito
456 1800 629 1864 vereatur.

402 1875 468 1961 Vl.
497 1874 669 1966 Sacerdos
688 1878 750 1980 qui
772 1879 862 1971 inter
879 1881 950 1981 ipsa
971 1875 1084 1958 Missa
1101 1878 1198 1955 initia
1221 1873 1254 1955 se
1267 1871 1402 1975 aliquid

348 2000 414 2077 per
439 1980 588 2058 modum
609 1980 677 2059 cibi
696 2033 707 2064 ,
728 1979 781 2053 vel
804 2000 911 2080 potus
932 1985 969 2059 in
985 1976 1209 2064 stomachum
1232 1974 1312 2075 post
1326 1997 1403 2050 me·

347 2078 446 2157 dram
464 2077 606 2165 notiam
626 2076 793 2180 trajecisse
821 2083 1007 2167 meminit,
1028 2079 1135 2163 debet
1155 2079 1200 2155 ab
1219 2074 1325 2153 altari
1346 2075 1401 2148 di·

347 2174 515 2269 ferdere,
539 2181 575 2254 dt
597 2201 617 2253 a
642 2173 754 2263 Missa
772 2182 1009 2259 celebratione
1025 2202 1065 2258 ea
1084 2180 1142 2255 die
1155 2175 1325 2259 abstinere
1344 2169 1399 2261 ‚st

348 2279 384 2355 id
410 2274 538 2374 absque
561 2275 724 2359 scandalo
746 2276 821 2360 fieti
842 2281 958 2381 potest
976 2307 986 2374 ;
1007 2279 1031 2358 fi
1055 2301 1141 2359 vero
1169 2276 1249 2376 post
1274 2273 1398 2350 conse·

348 2382 546 2462 cretionem
570 2376 602 2453 se
639 2378 801 2487 jejunum
826 2406 903 2461 non
928 2378 995 2459 else
1019 2382 1210 2463 meminit,
1233 2370 1401 2473 perlicere
1493 2400 1499 2426 ·

348 2476 581 2561 nihilominus
607 2475 851 2569 Sacrificium,
872 2479 1053 2561 &Christi
1071 2476 1236 2577 Corpus,
1252 2496 1293 2550 ac
1313 2471 1401 2549 San·

349 2579 499 2676 guinem
519 2576 654 2663 sumere
670 2578 787 2657 debet·
814 2581 866 2661 lta
885 2580 996 2658 docet
1020 2579 1128 2659 snt.
1151 2600 1179 2661 ς.
1205 2600 1240 2674 p·
1257 2596 1316 2675 qu.
1340 2584 1402 2667 83.

349 2686 465 2761 arno.
487 2681 530 2759 ad
551 2676 758 2759 secundum.
781 2736 833 2775 „„
861 2678 934 2777 Ubi
951 2677 1114 2777 (inquiri
1134 2672 1318 2770 difficultas
1336 2694 1402 2749 oc.

351 2777 484 2862 currit,
503 2777 696 2883 sempercll
709 2781 956 2877 accipiendum
968 2779 1078 2865 illud,
1098 2776 1198 2878 quod
1214 2774 1320 2867 habet
1332 2773 1400 2847 mi·

351 2897 419 2957 nus
442 2874 487 2950 de
518 2876 690 2974 periculo·
717 2877 878 2959 Maxime
903 2898 1023 2959 autem
1047 2872 1281 2975 periculosum
1305 2873 1400 2957 circa

350 2972 425 3055 hoc
438 2972 704 3057 Sacramentum
724 2978 773 3056 esl
788 3034 799 3066 ‚
814 2980 914 3078 quod
928 2980 978 3067 est
997 2996 1120 3064 contra
1145 2973 1399 3073 perlectionem

350 3070 459 3171 husus
479 3076 691 3155 Sisimi-nti
710 3133 720 3166 2
741 3082 910 3177 quiahoc
928 3081 979 3159 est
997 3083 1153 3157 immane
1171 3071 1400 3167 sacrilegium,

351 3171 477 3261 illinus
505 3192 623 3261 autem
644 3178 693 3251 all
713 3177 822 3268 illud,
845 3182 944 3277 quod
961 3181 1114 3275 pertinet
1132 3175 1175 3253 ad
1197 3173 1399 3274 qualitatem

351 3272 543 3367 sumentis3
561 3279 596 3351 dr
610 3275 728 3356 ideosr
747 3278 919 3361 Sacerdos
931 3280 1011 3378 post
1031 3271 1421 3357 consecrationem-in·-

352 3390 504 3468 caeutam
523 3377 733 3462 recordetur
749 3378 781 3457 se
800 3381 932 3481 aliquid
951 3373 1164 3456 comedisse.
1187 3373 1242 3459 vel
1256 3364 1398 3473 blblffe,

351 3475 584 3555 nihilominus
611 3478 717 3555 debet
745 3480 914 3575 perficere
941 3476 1181 3560 Sacrificium.
1204 3475 1240 3549 ἃ
1264 3467 1401 3548 surnere

354 3573 635 3659 Sacramentum·
666 3578 832 3658 Similiter
860 3579 885 3657 fi
914 3579 1123 3658 recordetur
1155 3576 1188 3652 se
1214 3586 1400 3671 peccatum

353 3672 500 3785 aliquod
524 3674 762 3763 commisisse,
785 3682 890 3759 debet
913 3682 1087 3780 poenitere
1105 3699 1188 3758 curn
1212 3666 1400 3771 proposito

353 3774 577 3859 corlhtendi,
598 3781 634 3848 dr
656 3776 883 3860 satisfaciendi
903 3800 913 3868 ;
934 3782 968 3856 δι
988 3779 1033 3863 stc
1055 3801 1130 3854 non
1151 3772 1321 3868 indigne,
1342 3766 1404 3847 sed

352 3872 528 3959 srusluose
556 3873 669 3953 sumet
693 3878 971 3969 Sacramentum·
1000 3878 1043 3955 Et
1073 3876 1196 3953 eadent
1221 3872 1311 3949 ratio
1328 3867 1401 3950 est»

353 3969 381 4051 st
403 3977 603 4052 meminerit
625 3975 658 4051 se
675 3980 1041 4069 excommunicationi
1063 3980 1266 4074 cuicunque
1287 3969 1403 4065 subja·

353 4094 433 4148 cere
450 4097 461 4164 ;
478 4074 583 4158 debet
597 4080 692 4152 enim
705 4076 871 4159 assumere
884 4078 1107 4177 propositum
1128 4070 1307 4151 humiliter
1331 4069 1402 4143 ab.

352 4169 567 4253 solutionem
580 4178 743 4269 petendu
766 4181 802 4261 u
824 4178 871 4257 fic
884 4204 945 4278 per
965 4178 1170 4261 invisibilem
1190 4166 1401 4253 Pontificem

353 4266 473 4368 lesum
500 4269 679 4363 Christum
708 4281 976 4356 Absolutionem
1002 4276 1264 4371 consequetur,
1288 4290 1403 4364 quau·

353 4387 433 4447 tum
454 4369 497 4445 ad
516 4372 614 4450 hunc
633 4377 748 4461 allum
761 4435 770 4467 ,
785 4380 886 4477 quod
908 4394 1052 4474 peragat
1076 4375 1192 4451 divina
1220 4367 1401 4465 mysteria,

329 4470 392 4577 κ8ἰ
418 4494 503 4553 vtro
533 4492 615 4551 ante
641 4477 950 4555 consecrationem
981 4478 1128 4563 alicuius
1152 4469 1404 4567 praedillorum

354 4567 397 4651 fir
415 4594 574 4660 memor,
602 4580 710 4653 tutius
729 4596 928 4675 reputarem
951 4579 1133 4671 (maxime
1153 4575 1188 4646 in
1211 4567 1289 4643 casu
1303 4588 1404 4651 rnen„

355 4669 575 4763 (lucutionis,
597 4678 633 4752 ἃ
648 4671 1055 4765 excommunicationis)
1082 4670 1180 4772 quod
1197 4662 1334 4769 illisl'utn
1346 4665 1400 4761 in·

354 4774 505 4867 captam
540 4774 747 4859 desereret,
782 4777 846 4864 nili
884 4800 992 4877 grate
1027 4771 1226 4863 scandalunt
1262 4770 1404 4873 timerq.

356 4885 414 4947 tut
448 4916 516 4965 „„.

821 4958 967 5067 ta*
1085 5006 1089 5017 ·
1268 4918 1446 5061 ills
