3892 6434
1029 1403 1174 1493 De
1224 1401 1763 1492 Sacramento
1818 1361 2371 1501 Eucharistioe.
2626 1421 2781 1509 561

701 1579 930 1654 mines
961 1624 983 1660 ‚
1009 1573 1122 1650 sed
1167 1589 1514 1652 creaturas
1543 1597 1793 1651 omnes
1836 1575 1905 1649 in
1950 1574 2295 1651 daemonis
2335 1573 2778 1666 servitutem,

705 1679 780 1754 δι
839 1675 1278 1776 tyrannidem
1315 1673 1661 1771 prolapsas
1705 1672 1902 1751 fuisse
1928 1731 1950 1761 ,
2017 1677 2140 1774 qui
2183 1675 2311 1752 illis
2349 1674 2594 1753 abusus
2645 1679 2786 1764 est.

702 1777 1062 1854 retroactis
1086 1774 1342 1852 saeculis
1366 1830 1386 1859 ,
1412 1776 1482 1849 &
1509 1778 1896 1852 etiamnum
1923 1777 2233 1851 abutitur
2266 1792 2519 1852 contra
2542 1774 2788 1855 Deum
2820 1811 2835 1825 =

707 1876 1034 1954 &servos
1064 1877 1277 1958 illius,
1312 1872 1435 1949 nisi
1469 1875 1765 1971 Spiritus
1789 1875 2055 1952 sanstus
2101 1899 2212 1949 eas
2263 1877 2333 1949 in
2391 1874 2790 1954 libertatem

691 1973 1019 2053 'vindicet
1043 2032 1064 2059 ,
1100 1977 1172 2050 ἃ.
1208 1977 1295 2050 ab
1326 1974 1772 2051 immunditia
1798 2031 1818 2060 ,
1848 1999 2061 2074 quam
2115 1995 2207 2050 ex
2245 1975 2392 2073 ejus
2431 1972 2788 2072 posseffio-

707 2095 806 2153 ne
828 2091 1380 2155 contraxerunt,
1428 2073 1540 2150 sua
1596 2074 2086 2152 benediitione
2133 2075 2498 2172 abstergat.
2548 2073 2659 2149 Sal
2708 2077 2787 2152 δε

705 2200 890 2274 aqua
921 2174 1471 2253 commiscentur
1495 2231 1512 2258 ,
1543 2190 1621 2250 ut
1641 2175 2031 2251 innotescat
2054 2175 2394 2272 Spiritum
2426 2173 2737 2251 sanetum
2756 2225 2782 2254 .

709 2300 925 2376 quem
959 2275 1154 2354 Deus
1194 2278 1266 2350 in
1315 2275 1723 2350 christianos
1772 2274 2076 2350 effundit
2122 2273 2402 2351 abunde
2442 2330 2464 2361 ,
2513 2274 2800 2371 praeser-

710 2380 840 2454 tim
883 2382 954 2452 in
996 2375 1280 2471 templis
1330 2429 1352 2459 ‚
1416 2376 1489 2449 &
1538 2376 1755 2449 divini
1819 2375 2148 2451 Sacrificii
2208 2389 2593 2474 tempore„
2645 2397 2799 2450 non

708 2475 937 2554 solum
978 2476 1328 2569 puritatis,
1368 2475 1440 2548 &
1471 2472 1925 2570 simplicitatis
1958 2473 2091 2550 esse
2130 2473 2467 2570 Spiritum
2495 2528 2516 2560 ,
2546 2497 2797 2552 verum

647 2625 652 2632 -
709 2579 921 2653 etiam
1019 2575 1399 2658 rudentiae,
1453 2575 1525 2648 &
1568 2574 1912 2670 sapientiae
1956 2576 2265 2666 divinae;
2314 2597 2399 2650 ac
2434 2574 2805 2672 duplicem

706 2676 907 2753 illum
1016 2677 1305 2770 piritum
1353 2670 1808 2750 necessarium
1856 2669 1991 2749 esse
2031 2675 2364 2771 operibus
2407 2675 2744 2750 omnibus
2772 2727 2799 2760 ,

711 2798 873 2874 quae
898 2777 970 2849 in
997 2771 1293 2850 Ecclefia
1325 2771 1503 2849 fiunt
1531 2821 1551 2850 ‚
1588 2789 1665 2850 ut
1707 2771 1930 2850 sanna
1986 2773 2119 2850 sint
2146 2820 2166 2849 2
2204 2774 2275 2850 &-
2330 2771 2499 2851 Deo
2540 2791 2741 2870 grata
2777 2789 2806 2862 ς

710 2878 875 2973 quia
922 2872 1065 2949 fine
1091 2875 1241 2968 ejus
1275 2871 1593 2949 Numine
1630 2872 1804 2949 nihil
1858 2877 2057 2951 estin
2098 2872 2396 2949 homine
2432 2930 2453 2959 ,
2495 2872 2670 2950 nihil
2704 2873 2806 2950 est

713 2978 1119 3051 innoxium.
1180 2975 1383 3066 Aqua
1426 2973 1784 3050 benedicta
1814 2977 2126 3070 primum
2173 2973 2801 3070 aspergitur=Alta-
2906 2972 3209 3064 Aquaebe.

711 3099 791 3150 re
818 3130 838 3161 ,
867 3072 1123 3149 deinde
1145 3071 1392 3151 Clerus
1419 3128 1440 3158 ,
1481 3073 1555 3147 ἃ,
1589 3074 1897 3169 populus
1916 3129 1937 3158 ,
1963 3077 2126 3171 quia
2152 3073 2444 3150 charitas
2472 3095 2597 3170 per
2645 3072 2805 3172 Spi·
2863 3051 3111 3192 ηῗᾱέξέξ

712 3177 929 3250 ritum
979 3172 1288 3250 sanctum
1333 3176 1406 3247 in
1452 3173 1788 3248 cordibus
1836 3175 2090 3249 nostris
2137 3169 2423 3251 diffusa,
2469 3176 2543 3247 in
2590 3169 2808 3248 Chri..
2866 3149 2961 3210 ³1²
3108 3168 3135 3196 ⁶

713 3274 907 3352 stum
959 3276 1196 3368 primo
1239 3271 1514 3350 refundi
1554 3271 1765 3348 debet
1796 3328 1817 3358 ,
1851 3277 1975 3372 qui
2011 3295 2134 3369 per
2181 3271 2410 3351 Altare
2457 3271 2807 3370 significa-

713 3392 878 3467 tur;
917 3371 1265 3451 deindein
1316 3371 1650 3448 homines
1687 3427 1708 3458 ‚
1749 3375 1872 3467 qui
1919 3372 2082 3449 sunt
2129 3375 2277 3467 ejus
2330 3379 2689 3464 membra3
2727 3387 2811 3450 ut

686 3489 936 3570 'caput
983 3528 1004 3560 ,
1048 3474 1121 3548 &
1180 3494 1446 3569 corpus
1538 3473 2072 3567 compleffitatur.
2176 3435 2367 3549 Ctsm
2423 3472 2809 3570 aspergitur

714 3597 899 3673 aqua
937 3572 1296 3649 benedista
1321 3627 1342 3657 ,
1385 3575 1658 3646 canitur
1703 3573 1931 3648 versus
1972 3597 1990 3647 ε
2044 3571 2356 3656 Miserere
2411 3574 2540 3641 mei
2567 3576 2755 3644 Deus
2784 3613 2812 3651 ,

719 3692 802 3752 ut
844 3671 1305 3767 profiteamur
1323 3721 1343 3754 ,
1370 3695 1500 3746 nos
1519 3670 1856 3768 Spiritum
1903 3672 2206 3748 santium
2233 3671 2582 3769 postulare
2609 3715 2627 3746 ²
2649 3696 2805 3749 non

720 3775 974 3850 nostris
1002 3774 1222 3849 fretos
1245 3775 1506 3847 meritis
1540 3821 1560 3852 ‚
1585 3770 1695 3847 sed
1728 3771 1866 3847 sola
1890 3770 2025 3848 Dei
2051 3775 2365 3847 bonitate
2390 3827 2413 3857 ‚
2439 3774 2509 3848 δι
2550 3773 2814 3847 miseri..

719 3873 962 3950 cordia
987 3928 1006 3957 ,
1033 3896 1249 3968 quam
1282 3872 1622 3969 supplices
1659 3872 2121 3966 imploramus
2143 3923 2161 3952 ‚
2187 3888 2267 3950 ut
2292 3871 2489 3948 Deus
2519 3887 2807 3970 peccata

720 3973 958 4049 nostra
980 3970 1206 4046 deleat
1227 4026 1244 4057 ‚
1270 3995 1581 4069 quorum
1616 3974 1888 4046 veniam
1926 3974 2013 4047 ab
2043 3970 2189 4065 ipso
2216 3995 2308 4049 ex
2329 3975 2572 4049 animo
2594 3969 2809 4069 roga-

721 4083 903 4148 mus.
955 4073 1150 4172 Aqua
1175 4071 1536 4146 benedista
1559 4075 1700 4148 vim
1727 4073 1936 4148 habet
1968 4073 2244 4148 delendi
2266 4088 2555 4170 peccata
2578 4077 2813 4146 venia·

677 4221 682 4226 -
720 4173 835 4248 lia,
863 4171 1223 4246 daemones
1245 4170 1594 4265 abigendi,
1620 4196 1998 4267 magorum
2022 4173 2415 4270 praestigiaS‚
2448 4169 2809 4257 maleficia,

721 4273 798 4348 &
843 4273 1351 4346 incantationes
1392 4268 1751 4365 diffipandi
1776 4321 1796 4353 ‚
1838 4276 2135 4347 morbos
2178 4271 2626 4368 pellendi,ad
2648 4295 2808 4346 ora·

724 4374 1003 4448 tionem
1047 4370 1505 4468 disponendi,
1548 4372 1619 4445 ἃ
1671 4375 1922 4445 mentis
1982 4374 2430 4465 evagationes
2463 4371 2810 4446 cohiben-

725 4471 841 4554 di,
895 4468 1123 4544 modo
1165 4473 1484 4545 contrito
1511 4467 1728 4544 corde
1747 4525 1766 4555 ,
1791 4471 1862 4544 &
1891 4493 2058 4545 cum
2084 4469 2221 4544 fide
2250 4468 2559 4566 populus
2620 4469 2810 4544 chri.

727 4573 983 4648 stianus
1031 4569 1214 4646 hanc
1251 4567 1712 4665 aspersionem
1747 4569 2083 4663 suscipiat.
2145 4567 2298 4644 Lib.
2352 4591 2413 4654 5-
2450 4567 2811 4662 Capitulu-

724 4677 912 4746 rium
939 4720 956 4750 ‚
979 4693 1130 4763 cap.
1169 4674 1331 4756 383.
1357 4671 1799 4764 praecipitur:
1826 4725 1868 4759 ‚,
1922 4669 2017 4745 Ut
2049 4672 2278 4744 omnis
2302 4668 2664 4766 Presbyter
2692 4665 2808 4742 die

727 4826 774 4864 ‚‚
810 4769 1208 4846 Dominico
1241 4791 1407 4845 cum
1440 4767 1796 4862 psallentio
1821 4773 2203 4845 circumeat
2224 4767 2596 4845 Ecclesiam
2620 4766 2810 4842 suam

726 4927 773 4962 ,‚
807 4893 944 4945 una
995 4891 1162 4945 cum
1228 4869 1506 4966 populo
1557 4925 1579 4955 ‚
1640 4872 1711 4944 &
1776 4892 2033 4966 aquam
2085 4868 2519 4945 benedidam
2574 4866 2812 4943 secum

728 5026 776 5063 ,‚
809 4969 982 5044 ferat
1031 5013 1103 5060 „-

833 5073 966 5138 Leo
989 5065 1115 5140 IV.
1156 5069 1226 5141 in
1258 5065 1601 5142 Sermone
1630 5065 1718 5141 de
1744 5064 1931 5143 Cura
1956 5064 2278 5146 Pastorali
2311 5093 2327 5142 :
2358 5125 2399 5160 ‚,
2444 5063 2670 5144 Omni
2695 5064 2809 5140 die

728 5226 774 5264 ‚,
802 5166 1188 5244 Dominica
1228 5181 1389 5241 ante
1434 5164 1753 5254 Missam,
1794 5191 2050 5266 aquam
2100 5169 2491 5245 benedicite
2540 5211 2562 5244 ,
2618 5165 2811 5242 unde

729 5325 776 5361 „
808 5267 1115 5441 {opulus
1161 5266 1563 5364 aspergatur
1609 5322 1630 5353 ‚
1671 5269 1744 5344 δε
1789 5271 1878 5343 ad
1919 5267 2066 5345 hoc
2100 5272 2473 5369 proprium
2523 5289 2637 5346 vas
2686 5263 2814 5343 ha·

735 5425 782 5463 „
873 5393 907 5441 e
944 5393 982 5440 e
1042 5415 1112 5456 „.

837 5467 1026 5556 Tum,
1080 5468 1225 5539 Ill.
1734 5464 1810 5546 N
1871 5488 1923 5544 n
2540 5469 2761 5542 Hinc-
