3892 6434
540 905 608 997 De
637 860 906 994 Sacramenta
933 895 1236 1001 ternatim·
1323 922 1405 1009 321.

350 1077 637 1169 Corpusnomeitit
665 1073 864 1161 Nonenim
883 1076 1038 1153 terribile
1060 1084 1200 1156 tantum
1224 1073 1399 1178 juditium
1505 1125 1515 1133 -

350 1177 479 1264 habet,
507 1180 568 1277 qui
598 1180 634 1251 in
666 1178 802 1253 carnis,
825 1178 862 1252 δι
891 1175 1028 1272 spiritus
1056 1178 1328 1276 inqulnamento
1353 1177 1398 1254 ad

351 1279 475 1355 Santla
493 1276 631 1354 accedit
653 1276 820 1370 indigne3
838 1278 1009 1353 accedens
1030 1294 1117 1354 tero
1140 1302 1218 1370 reus
1242 1277 1284 1357 llt
1304 1278 1396 1356 con
1541 1358 1550 1387 ι
1640 1348 1643 1353 .

379 1384 472 1464 oris,
488 1401 529 1453 ac
543 1378 731 1473 Sanguinis
753 1373 927 1462 Domini,
944 1375 1001 1453 sed
1022 1379 1058 1452 de
1078 1376 1213 1469 otiose.
1231 1379 1268 1454 dr
1286 1381 1395 1456 inuti·
1430 1364 1491 1461 Qui
1507 1356 1600 1460 errore

350 1395 430 1556 ster
454 1479 582 1561 edens,
601 1500 643 1551 ac
665 1474 811 1560 bibens,
826 1481 861 1550 in
884 1499 929 1550 eo
954 1477 1056 1575 quod
1076 1501 1151 1552 non
1171 1502 1234 1575 per
1256 1501 1392 1554 memo·
1410 1446 1595 1601 ffiffiffl

351 1583 439 1654 tiam
458 1580 553 1671 ejus,
574 1580 636 1674 qui
657 1600 724 1668 oro
748 1579 850 1652 nobis
865 1577 914 1652 est
935 1594 1097 1653 mortuus
1111 1578 1174 1664 ,de
1198 1582 1390 1664 excitatura
1409 1596 1512 1658 christi
1533 1640 1543 1670 ,

352 1679 515 1757 videlicet
539 1673 618 1772 Jelu
645 1674 770 1752 Christi
793 1673 942 1753 Domini
970 1678 1106 1761 nostri,
1126 1676 1280 1754 custodit
1305 1678 1391 1755 illud
1408 1672 1558 1763 contristat

353 1778 542 1875 Apostoli,
566 1777 666 1874 quod
693 1778 825 1853 ditium
849 1775 899 1853 est
921 1776 1035 1872 l'upra
1072 1776 1167 1855 Nam
1197 1776 1304 1854 veluti
1321 1776 1392 1853 fine
1408 1751 1551 1888 {¹1:32¹ss

350 1877 587 1959 conscientia,
606 1877 642 1950 lic
663 1876 832 1952 inutiliter
859 1886 1021 1961 tantum,
1037 1900 1078 1952 ac
1099 1880 1166 1953 tale
1192 1880 1330 1954 bonum
1348 1886 1395 1953 ir·
1542 1928 1550 1969 r

350 1988 459 2054 ritum
481 1977 642 2063 facim&
669 1972 756 2051 siout
776 1973 905 2076 absque
926 1980 1118 2075 gratiarum
1138 1975 1276 2053 otilone
1294 1998 1406 2053 acce-⁸

351 2082 438 2153 oens
460 2077 503 2151 ad
528 2076 595 2150 tale
627 2073 864 2174 Mylletiunt,
887 2077 1060 2172 judicium
1087 2076 1192 2153 habet
1214 2077 1396 2174 l'egnitiei3

351 2196 436 2253 cum
465 2172 645 2252 Dominus
662 2198 728 2250 nec
747 2194 809 2250 eos
827 2176 999 2253 innoxios
1023 2173 1090 2253 effe
1111 2175 1216 2262 sinat,
1237 2179 1298 2274 qui
1320 2199 1398 2252 ver·
1550 2240 1554 2253 .

351 2278 438 2354 bum
456 2274 600 2373 aliquod
610 2273 763 2350 otiosum
780 2264 965 2372 proferunt
976 2331 986 2361 ,
999 2277 1034 2351 da
1049 2275 1290 2353 vehementius
1304 2300 1400 2372 quo·

349 2400 421 2475 que
436 2373 619 2451 otioliratir
637 2374 810 2470 judicium
820 2373 974 2453 declaret
994 2379 1029 2451 in
1050 2400 1121 2460 eo,
1138 2379 1200 2476 qui
1222 2376 1397 2453 talentum

348 2493 538 2571 acceptum
568 2476 602 2550 in¹
628 2478 707 2549 otio
727 2519 738 2561 a
755 2476 790 2548 dt
820 2474 949 2552 desidia
975 2478 1155 2572 integrum
1180 2476 1397 2570 servaveram

351 2575 543 2671 Apostolus
566 2598 650 2649 aero
673 2573 851 2651 tradiderit
872 2575 972 2652 nobis
985 2625 996 2659 ‚
1011 2568 1112 2672 quod
1132 2579 1168 2652 lit
1183 2580 1230 2663 is.
1253 2579 1313 2674 qul
1328 2578 1394 2653 bo·
1413 2551 1560 2647 ipsein

340 2690 441 2752 narn
466 2676 613 2752 verbum
639 2675 819 2773 prolatum
851 2698 927 2750 non
952 2674 995 2750 ad
1023 2673 1293 2753 aedificationem
1310 2673 1393 2754 fidei

352 2775 543 2869 dispensata
565 2776 747 2850 contrillet
773 2772 943 2875 Spiritum
957 2774 1197 2864 santiumaita
1222 2775 1400 2854 debenus·

351 2879 457 2950 etiarn
474 2874 685 2949 attendere,
718 2873 817 2970 quod
846 2871 887 2950 lit
903 2875 1079 2969 judicium
1098 2876 1173 2968 ejus
1202 2919 1213 2961 ‚
1240 2878 1302 2974 qui
1338 2881 1394 2951 in·

350 2977 461 3070 digne
483 2975 585 3053 edit,
608 2996 649 3049 ac
669 2974 767 3048 bibit.
797 2961 895 3049 Nam
914 2973 938 3049 st
973 2978 1034 3067 qui
1072 2968 1214 3074 fratrem
1273 2993 1401 3073 noque·

351 3096 415 3173 per
440 3077 559 3150 cibum
580 3072 764 3149 contristat
785 3119 796 3151 ,
813 3097 831 3147 a
850 3072 1026 3168 charitate
1047 3073 1213 3153 excidia,
1238 2999 1308 3149 dne
1324 3095 1396 3171 qaia

350 3197 479 3272 magna
504 3196 652 3271 quoque
672 3170 910 3260 charismata,
945 3172 982 3247 dc
1011 3170 1278 3273 ,justificationes
1328 3190 1400 3251 tioo

351 3297 423 3373 que
442 3280 622 3370 operantia
644 3272 730 3347 nihil
756 3271 930 3368 dtol'untt
948 3274 1040 3372 qaud-
1054 3272 1099 3346 de
1122 3290 1167 3350 eo
1200 3198 1399 3376 dicendum

351 3374 425 3452 ert,
447 3376 508 3470 qui
529 3367 713 3458 otiose,&
734 3371 903 3449 inutiliter
925 3377 1029 3468 edere
1047 3372 1153 3450 audet
1172 3366 1337 3472 Corpus,
1356 3370 1398 3451 dt.

351 3474 470 3548 bibere
493 3472 708 3568 Sanguinem
726 3464 805 3569 Jelu
818 3466 942 3550 Chrilli
961 3464 1112 3553 Domini
1129 3468 1399 3573 miltiadi-litu

350 3577 489 3648 ratione
518 3573 595 3665 olus
619 3572 810 3670 aliquando
831 3572 1041 3673 contristat,
1067 3572 1264 3651 &infestat
1286 3574 1395 3670 Spiris

351 3671 624 3756 taurinatium,
644 3673 730 3749 duna
751 3671 822 3747 stne
846 3672 1015 3748 charitate
1041 3671 1211 3759 relatur,
1232 3691 1315 3776 qum
1334 3695 1397 3755 tara,

351 3788 434 3866 get,
462 3784 501 3847 ut
523 3771 668 3847 aelllmet
692 3771 723 3847 le
744 3769 806 3847 fibi
832 3770 901 3870 ipsi.
924 3795 999 3849 nou
1026 3776 1164 3856 vivere,
1185 3766 1240 3848 sed
1268 3778 1313 3848 ei.
1330 3762 1394 3872 qul

351 3894 420 3968 pro
446 3870 549 3946 nobie
574 3886 738 3945 mortuus
758 3871 825 3955 est,
841 3874 878 3946 dt
902 3871 1087 3947 resurrexit
1111 3920 1121 3952 ‚
1146 3864 1287 3948 Christo
1308 3866 1396 3963 Jel’o'

352 3968 518 4046 Domino
536 3966 682 4053 nostro,
706 3969 807 4045 edere
835 4025 845 4056 ,
865 3993 906 4047 ac
925 3971 1046 4046 bibere
1064 3963 1085 4046 l*
1099 3967 1257 4068 Oportet
1279 3967 1389 4068 igitur

351 4071 580 4146 accedentem
599 4072 642 4144 ad
669 4067 836 4165 Corpus,
857 4093 898 4146 ac
921 4070 1137 4168 Sanguinem
1152 4067 1323 4166 Domini,
1341 4058 1393 4167 ad

350 4173 687 4245 rememorati-onem
702 4170 775 4263 ejus
789 4223 799 4254 ,
815 4172 876 4267 qui
885 4186 953 4266 pro
972 4174 1074 4258 nobie
1085 4186 1247 4246 mortuus
1259 4172 1328 4248 eli,
1349 4171 1396 4247 dd·

350 4270 538 4345 resurrexit
557 4291 657 4356 ‚iton
671 4267 784 4344 solum
802 4292 930 4365 purum
948 4265 1015 4344 esse
1036 4293 1055 4345 a
1078 4273 1207 4369 quovit
1224 4271 1387 4370 inquina-

351 4373 623 4451 maurocenis,
643 4392 683 4444 ac
701 4367 856 4464 spi-ritus,
871 4392 915 4443 ne
925 4367 1152 4463 adjudicium
1169 4368 1250 4445 edat
1260 4369 1316 4452 ..dc
1334 4368 1386 4460 bi·

349 4469 410 4542 bat
432 4514 441 4544 ,
464 4465 520 4541 sed
543 4469 581 4542 ἀ
605 4467 784 4542 evidenter
813 4461 1017 4550 ostendere,
1035 4469 1071 4543 u
1092 4470 1290 4565 exprimere
1314 4485 1387 4547 me-

349 4570 503 4641 moriam
524 4569 617 4658 ejus,
641 4568 702 4666 qui
729 4569 918 4663 pronubis
937 4566 1186 4649 mortalitem
1209 4590 1250 4644 ac
1275 4558 1390 4643 resnor

349 4670 464 4752 rexit,
484 4672 519 4740 in
533 4690 597 4742 eo·
612 4667 711 4764 quod
731 4666 767 4741 u·
787 4656 1019 4744 mortificatur
1038 4663 1086 4743 est
1101 4681 1271 4760 peccato,
1284 4686 1388 4743 muu-

350 4766 427 4851 do,
446 4788 487 4841 ac
510 4764 570 4841 sibi
591 4765 653 4862 ipli
679 4788 747 4848 eac
772 4763 857 4845 Deo
875 4770 960 4845 vivit
979 4766 1017 4847 io
1046 4764 1188 4847 Cluilio
1206 4755 1287 4864 Jesa
1308 4764 1399 4846 D‘oa·

349 4869 452 4944 mino
478 4865 601 4941 nostro
623 4904 694 4961 „a
1149 4932 1153 4954 ,
1529 4872 1531 4878 ’

401 4966 497 5051 svm,
522 4968 594 5038 Illa
857 4948 903 5044 x
1305 4952 1349 5044 ω
