3892 6434
801 1058 804 1063 .
1006 1036 1010 1048 ¹
1220 1044 1227 1059 t

408 1084 413 1095 ·
551 1068 554 1073 ·
753 1072 755 1077 .

610 1322 691 1413 532
801 1218 1101 1407 Theonuog.
1126 1299 1169 1388 de
1191 1260 1343 1390 Moral,
1363 1234 1456 1386 Lib.
1477 1296 1536 1390 11.

460 1508 472 1531 ·
609 1455 762 1551 dicitnr,
780 1469 1042 1556 admonentur,
1064 1469 1287 1566 &diganum
1305 1472 1340 1539 δι
1364 1469 1494 1558 julium
1516 1465 1586 1546 elle
1606 1492 1666 1546 re·

608 1575 788 1670 spondent
829 1628 851 1664 ‚‚
872 1617 907 1664 „·
956 1571 1126 1648 Meminit
1168 1570 1371 1649 Concilium
1405 1569 1662 1648 dlilevrtanum

609 1676 699 1754 Can.
716 1695 767 1744 ra.
797 1695 898 1750 cutus
919 1670 996 1749 liaec
1020 1671 1099 1749 sunt
1127 1673 1258 1749 verba:
1278 1724 1300 1761 ,‚
1319 1666 1493 1759 Placuit,
1517 1689 1558 1745 ut
1579 1694 1663 1768 pre.

608 1830 632 1867 „
651 1796 733 1856 ces,
751 1772 806 1848 vel
839 1775 1044 1848 orationes,
1068 1773 1127 1849 seu
1156 1768 1292 1855 nilne.
1313 1765 1382 1843 irre
1406 1766 1658 1858 Praefationes,

608 1928 631 1967 ‚,
644 1895 726 1970 qua
744 1872 903 1971 probata
919 1871 1054 1949 fuerint
1076 1876 1112 1949 in
1135 1870 1326 1949 Concilio,
1340 1870 1384 1942 ab
1406 1873 1574 1946 omnibus
1599 1894 1661 1946 ce.

607 2028 630 2066 „
646 1974 825 2048 lebtentur
846 2027 880 2063 „.
907 1970 1079 2049 Meminit
1101 1976 1250 2064 Pelagius
1260 1972 1310 2040 ΙΙ.
1330 1965 1432 2063 Epist·
1446 1989 1478 2044 2.
1501 1976 1546 2045 ad
1573 1968 1662 2062 Epi.

606 2071 737 2170 scopos
752 2069 974 2167 Germania,
993 2075 1027 2147 dr
1043 2069 1187 2150 Galliae,
1203 2074 1264 2169 qui
1287 2073 1400 2164 iplinn
1420 2091 1660 2166 rogaverant,

605 2189 648 2249 ut
667 2174 832 2248 ordinem
845 2170 1093 2269 praelationum
1112 2175 1159 2248 eis
1174 2177 1342 2248 mitteret.
1377 2168 1519 2245 illarum
1544 2193 1657 2266 porro

371 2290 377 2309 '
498 2344 503 2359 ,
603 2294 796 2350 numerum
807 2272 851 2349 ad
870 2295 1003 2348 novem
1022 2275 1159 2372 redegit
1196 2271 1266 2347 Sed
1278 2271 1359 2348 alias
1374 2289 1498 2366 praerer
1520 2292 1658 2346 novem

598 2372 699 2459 illas,
719 2396 805 2471 quas
835 2387 1043 2457 enumerat,
1063 2376 1099 2448 in
1126 2370 1277 2449 Ecclefia
1305 2370 1467 2448 Romana
1494 2386 1655 2467 receptas

600 2469 724 2556 inille,
741 2472 879 2550 constat
898 2495 944 2548 ex
966 2476 1166 2566 &Gregorii
1186 2472 1492 2555 Sacramentario,
1511 2469 1656 2564 aliisque

599 2574 754 2669 antiquis
779 2576 1095 2652 sacramentorum
1115 2574 1210 2650 libris
1232 2569 1406 2648 Romanae
1428 2566 1590 2645 Ecclesia
1603 2573 1657 2662 ti·

599 2675 716 2748 tulum
752 2672 1076 2767 praeleferentibus,
1105 2676 1143 2749 in
1176 2674 1303 2768 quibus
1343 2678 1405 2747 vix
1440 2669 1509 2746 ulla
1549 2665 1655 2747 nlius

599 2770 675 2847 eii,
700 2776 757 2848 cui
780 2772 961 2867 singularis
984 2769 1145 2849 Praeiatio
1168 2792 1243 2848 non
1266 2767 1468 2868 affignetur.

651 2869 783 2948 Monet
796 2896 885 2969 ergo
901 2871 1093 2958 Sacerdos,
1117 2888 1157 2949 ut
1177 2869 1287 2947 corda
1304 2871 1432 2947 l'urlirm
1459 2866 1655 2947 habeamus

598 2968 645 3046 ad·
669 2969 901 3057 Dominum,
927 2970 1121 3048 secundnm
1143 2971 1434 3047 exhortationem
1465 2971 1654 3063 Aponon,

600 3072 772 3147 dicentis:
800 3072 890 3169 Qae
912 3069 1034 3158 (ursum
1058 3071 1162 3159 sunt,
1185 3090 1320 3167 querite
1337 3118 1347 3150 ‚
1367 3095 1427 3140 aron
1456 3092 1523 3164 qnae
1557 3071 1653 3162 [uper

598 3190 732 3244 terram.
762 3171 857 3248 Nam
881 3168 947 3242 Ubi
967 3169 1011 3250 esi
1034 3171 1203 3257 thesaurus
1224 3192 1328 3246 tuor,
1352 3167 1401 3240 ibi
1422 3173 1462 3242 (a
1481 3193 1537 3238 cor
1556 3189 1654 3241 tuam

598 3276 678 3342 ern.
706 3270 814 3348 Multi
836 3275 922 3349 dum
947 3296 1011 3350 ore
1028 3271 1226 3371 loquuntur
1246 3271 1419 3355 coelestia,
1443 3270 1555 3345 corde
1576 3295 1653 3346 me·

598 3371 757 3448 ditantur
782 3394 918 3449 terrena
939 3397 950 3465 ;
974 3373 1103 3470 quibus
1130 3371 1310 3448 Dominus
1338 3375 1557 3469 improperat
1586 3392 1653 3467 per

597 3469 838 3570 Prophetam:
865 3472 1000 3565 Populus
1022 3473 1076 3542 hic
1095 3471 1190 3542 labiis
1212 3496 1261 3542 me
1284 3477 1445 3555 honorat,
1464 3495 1519 3538 sor
1539 3491 1652 3540 nutent

596 3596 709 3642 eorum
733 3580 824 3665 longe
846 3569 888 3651 rsl
907 3599 926 3641 a
945 3597 1004 3647 me.
1036 3571 1075 3649 ln
1096 3572 1251 3668 qualibet
1271 3595 1359 3667 ergo
1382 3573 1543 3672 oratione
1563 3593 1653 3665 pec-

596 3690 719 3749 catum
743 3673 815 3757 est,
839 3673 895 3748 sed
918 3675 953 3749 in
977 3674 1036 3748 illa
1058 3677 1168 3762 maius
1192 3674 1409 3769 periculum,
1432 3692 1496 3744 cor
1515 3671 1653 3748 habere

596 3772 745 3848 divisum
759 3777 801 3847 ab
817 3796 899 3859 ore,
922 3773 977 3849 vel
992 3798 1032 3848 os
1046 3772 1174 3848 habere
1193 3773 1341 3847 divilurn
1361 3797 1378 3845 a
1401 3773 1521 3845 corde.
1551 3769 1651 3847 Nini

596 3877 659 3967 qui
684 3872 904 3969 l'emetipl'um
925 3897 999 3948 non
1014 3874 1132 3958 audit,
1154 3896 1221 3949 nec
1243 3872 1341 3947 Deus
1362 3869 1463 3947 illurn
1488 3874 1647 3948 exaudit.

596 3970 742 4047 Chorus
763 3995 851 4067 ergo
864 3970 1078 4069 respondens
1098 3971 1286 4070 profitetur
1304 3972 1335 4046 l'e
1348 3971 1549 4047 Sacerdotis
1569 3994 1650 4045 mo·

595 4075 669 4147 nita
695 4067 893 4169 resupina,
915 4094 999 4153 cuni
1024 4077 1099 4151 ait:
1130 4070 1357 4143 nunnae
1385 4076 1579 4163 Dominam.
1606 4068 1648 4145 ld

595 4170 671 4251 est,
700 4188 739 4246 ut
763 4170 913 4246 hortaris
933 4195 1023 4256 nos,
1045 4174 1156 4248 eorda
1179 4173 1295 4249 nostra
1317 4171 1449 4246 sursum
1473 4169 1648 4248 habemur

594 4271 648 4346 ad*
664 4269 868 4347 Durninum
892 4272 1015 4349 erella·
1044 4271 1209 4348 Mundsti
1236 4273 1279 4347 ab
1304 4270 1482 4347 affetlibus
1501 4270 1645 4356 seculi,

593 4369 810 4446 ascenliones
830 4373 867 4444 in
887 4371 997 4446 corde
1020 4373 1144 4448 nollro
1173 4372 1390 4467 disponimus
1420 4375 1454 4445 in
1485 4370 1575 4445 valle
1600 4372 1649 4446 la·

593 4493 796 4564 crynraruni
812 4495 822 4563 ;
838 4468 880 4545 ad
899 4470 991 4546 illam
1006 4470 1188 4567 supernam
1206 4470 1394 4568 jerusalem
1414 4488 1565 4546 matrem
1580 4494 1646 4546 no·

591 4569 723 4646 iliani,
742 4593 821 4664 qua
847 4571 896 4646 est
924 4574 959 4645 in
985 4571 1115 4652 coelis,
1143 4570 1387 4656 ascendimus,
1406 4575 1521 4645 immo
1546 4571 1647 4645 vula-

591 4694 672 4746 nins
685 4670 820 4745 duabus
832 4668 891 4744 alis
908 4673 1038 4750 amoris
1054 4671 1142 4754 Dei,
1160 4673 1193 4746 da
1208 4674 1375 4767 proximi.
1406 4673 1459 4746 nb
1474 4671 1528 4745 illa
1548 4674 1646 4746 enim

591 4773 857 4865 peregrinamur
891 4773 925 4844 in
951 4769 1018 4846 hac
1038 4773 1131 4856 vita,
1160 4771 1202 4846 ad
1226 4775 1299 4862 ejus
1323 4771 1476 4846 reditum
1499 4770 1642 4866 suspira·

590 4891 693 4944 mus>
716 4871 849 4945 tamdiu
875 4869 1011 4955 miseri,
1038 4871 1074 4944 dr
1096 4870 1318 4953 laborantes,
1340 4869 1460 4946 donec
1480 4875 1523 4944 ad
1549 4871 1643 4946 illam

589 4969 785 5049 redeamus.
814 4967 945 5047 Caveat
966 4993 1055 5064 ergo
1078 4970 1221 5052 Fidelis,
1241 4995 1285 5044 ne
1304 4994 1368 5046 cor
1389 4971 1521 5046 habens
1544 4970 1643 5045 inlle·

589 5088 680 5142 xuni
703 5068 865 5145 deorsum
895 5069 938 5143 ad
969 5070 1160 5155 saeculum,
1189 5069 1332 5165 Spiritui
1350 5070 1466 5147 sanilo
1493 5071 1642 5146 damna·

589 5166 702 5242 biliter
728 5172 927 5245 mentiatur.
956 5169 1087 5247 illonet
1122 5169 1238 5246 adhuc
1256 5172 1458 5256 Sacerdos,
1481 5187 1521 5247 ut
1555 5177 1641 5238 Gra·

588 5272 653 5334 rias
671 5290 803 5362 agamus
833 5266 980 5342 Domino
1008 5275 1081 5343 Deo
1106 5268 1224 5354 nostro·
1271 5269 1322 5348 Ut
1342 5270 1473 5349 l‘n'licet
1498 5272 1544 5347 de
1567 5270 1643 5348 hoc

1520 5373 1590 5449 bo·
