3892 6434
405 1024 409 1031 ,
473 925 543 1014 De
572 922 840 1012 Sacramenta
870 900 1147 1014 Eucharistiae.
1275 949 1356 1051 543z

357 1094 416 1172 Sic
437 1096 577 1186 Optatus
593 1092 814 1163 milevitanus
843 1089 902 1164 lib.
923 1109 955 1178 3·
980 1145 1002 1179 ,‚
1018 1144 1040 1181 ,‚
1069 1087 1206 1167 Merito
1231 1090 1356 1172 Paulus

307 1198 417 1276 docet
435 1192 615 1273 orandum
637 1187 704 1266 elle
734 1214 802 1286 pro
822 1191 983 1285 Regibus
1003 1190 1067 1264 t&
1098 1193 1351 1287 potestatibus.

309 1294 442 1375 etiamfi
473 1295 546 1370 talia
568 1290 651 1369 eilet
667 1290 719 1366 lm
749 1308 890 1366 emtor,
913 1293 975 1387 qui
1005 1290 1180 1384 g'entiliter
1208 1298 1353 1370 vireret.

309 1397 458 1493 Qranto
471 1399 581 1490 magis
594 1391 694 1492 quod
708 1314 943 1471 &millianam
964 1405 1101 1486 quanto
1115 1394 1214 1488 quod
1232 1395 1353 1472 Deum

308 1503 456 1582 timens,
478 1509 616 1595 quanto
646 1494 745 1589 quod
770 1489 979 1589 religiosus,
1002 1506 1139 1588 quanto
1160 1495 1260 1589 quod
1285 1497 1352 1571 mi.

308 1597 453 1773 serggg
469 1594 596 1769 ti’ei'nile
619 1687 791 1768 Sacerdos
816 1689 879 1756 Pro
897 1686 1044 1760 omnibus
1063 1690 1279 1774 orthodoxis,
1296 1710 1348 1760 atn
1383 1689 1485 1754 ontio
1495 1713 1556 1772 pro

307 1817 368 1890 que
391 1795 577 1877 catholico,
600 1795 640 1862 Θ
654 1790 828 1885 aposlolicae
839 1788 934 1858 Fidei
951 1789 1142 1872 cultoribus.
1170 1791 1350 1884 Quaever·
1372 1771 1509 1905 {2¹2⁰}OE

308 1898 352 1971 ba
373 1893 433 1971 etsi
459 1892 570 1970 desint
602 1897 638 1966 in
664 1894 813 1989 antiquo
849 1891 977 1965 ordine
1001 1890 1192 1977 Romano,
1216 1898 1252 1966 in
1273 1895 1350 1988 qui·
1376 1844 1546 1998 viviesffi'..

308 1996 452 2073 buldam
500 1993 742 2089 manuscriptis
779 1995 811 2067 S,
829 1992 987 2082 Gregorii
1010 1996 1119 2087 magni
1150 1992 1353 2068 Sacramen-
1379 1996 1473 2063 ratim

308 2098 433 2180 tariis,
461 2116 571 2191 eaque
597 2089 766 2187 superflua
800 2088 936 2165 censeat
967 2097 1164 2185 micrologus
1196 2115 1270 2187 cap.
1294 2111 1350 2180 13.

307 2198 343 2269 re
364 2211 424 2269 ar·
447 2217 523 2268 non
545 2208 662 2269 tamen
682 2186 852 2287 superflua
871 2189 970 2278 sunt,
994 2195 1073 2290 quia
1099 2216 1160 2289 pur
1183 2192 1251 2290 ipsa
1272 2215 1354 2267 oni·
1442 2276 1444 2280 ¹

306 2319 369 2368 nes
390 2292 522 2369 Fideles
550 2296 619 2367 vivi
640 2291 847 2386 generaliter
871 2308 1202 2369 commemorantur
1221 2313 1233 2380 ς
1257 2310 1293 2367 at
1315 2296 1353 2369 in

305 2394 552 2492 sequentibus:
575 2396 764 2476 Memento,
783 2394 948 2477 Domine,
967 2390 1191 2480 famularum,
1208 2388 1354 2482 timulo.

307 2517 440 2588 rumque
464 2512 617 2577 tuarum,
635 2491 864 2568 offerentium
891 2491 1065 2569 duntaxat
1085 2513 1349 2570 commemora·

307 2597 360 2669 tio
383 2596 528 2690 proprie
549 2592 617 2677 lit,
641 2596 676 2667 ἃ
708 2593 754 2665 ibi
778 2590 865 2666 olrm
893 2614 939 2665 ex
967 2592 1066 2669 lactis
1113 2593 1238 2668 tabulis
1261 2616 1356 2690 quo·

306 2694 469 2768 rumdam
503 2696 648 2767 nomina
673 2692 880 2786 legebantur
906 2692 980 2780 (ut
1010 2693 1188 2788 explicant
1221 2695 1354 2768 tutior

305 2793 382 2867 libri
408 2794 453 2867 de
474 2793 600 2867 divinis
624 2789 761 2871 Officiis
787 2793 939 2868 alcuino
963 2792 1212 2888 adscripti‚&
1234 2794 1354 2861 Florus
1418 2797 1425 2810 ¹
1466 2808 1472 2825 ··
1522 2787 1538 2831 '³
1607 2793 1609 2797 ’

304 2895 474 2964 Diaconos
496 2895 554 2967 lib.
577 2906 615 2961 tle
639 2892 776 2962 aldione
797 2890 1012 2992 titillatam.)
1038 2891 1135 2970 Dare
1155 2908 1272 2967 autem
1291 2891 1355 2966 de·

305 2995 366 3068 bet
391 3015 536 3089 operam
560 2991 713 3091 quisquir
741 2990 906 3066 Sacrificii
930 2996 1031 3086 cnpit
1056 2991 1123 3067 elle
1152 2996 1351 3089 particeps·

306 3110 347 3170 ut
396 3092 608 3170 catholicae,
635 3094 671 3167 &
700 3090 902 3184 apostolice
929 3091 1052 3170 Fidei,
1076 3092 1111 3168 id
1143 3092 1218 3177 est,
1242 3112 1350 3188 quam

303 3194 460 3268 universa
496 3194 629 3286 ubique
657 3190 767 3266 servat
793 3189 971 3277 Ecclesia,
1000 3194 1035 3266 &
1064 3215 1171 3289 quam
1201 3196 1236 3265 in
1267 3208 1350 3270 toto

304 3294 444 3366 mundo
468 3293 726 3389 Apostolorum
751 3291 911 3366 dot‘lrina
939 3292 1124 3374 fundavit,
1149 3292 1266 3367 cultor
1294 3289 1347 3366 sir.

305 3391 472 3467 Cultores
497 3410 615 3467 autem
646 3393 750 3486 hujus
778 3391 858 3466 fidei
884 3416 959 3468 non
992 3390 1136 3490 poliunt
1170 3392 1264 3476 dici,
1287 3389 1349 3468 nisi

284 3491 383 3593 1ἰΙΙί,ι
403 3492 467 3586 qul
487 3493 585 3579 quod
614 3493 704 3568 reite
730 3492 968 3578 crediderint,
993 3495 1161 3568 veraciter
1183 3492 1349 3586 diligunt.

285 3588 389 3665 'Hoc
406 3594 500 3665 enim
519 3592 752 3689 unusquisque
772 3594 888 3676 colit,
912 3593 1013 3689 quod
1043 3596 1198 3666 maxime
1220 3592 1349 3687 diligit.

304 3687 366 3764 llle
390 3713 477 3784 ergo
499 3692 546 3763 ell
569 3695 721 3765 veritatis
745 3694 884 3777 cultor,
909 3695 969 3789 qui
992 3691 1037 3768 src
1056 3694 1175 3788 jungit
1194 3691 1274 3765 fidei
1295 3694 1347 3764 di·

302 3789 511 3874 lectionem,
534 3806 573 3864 ut
599 3790 739 3866 Deum,
763 3794 806 3864 de
829 3816 903 3887 quo
925 3793 1014 3867 teile
1034 3792 1171 3876 credit,
1193 3790 1344 3885 diligen·
1485 3836 1488 3845 ·

302 3890 353 3963 do
380 3890 474 3964 colat
490 3890 553 3973 ,tt
585 3890 740 3965 colendo
769 3909 1022 3982 promereatur.
1058 3890 1132 3987 lpsa
1161 3892 1209 3964 ert
1233 3891 1345 3971 fideti

302 4009 410 4084 quarn
447 3989 634 4083 llpollolus
661 3990 919 4075 commendat,
942 3991 1124 4065 dicendo:
1154 3994 1193 4059 In
1217 3985 1340 4067 corilo
1359 3984 1423 4057 Ga¹·
1440 4006 1466 4069 t·
1491 3995 1523 4071 6.·

301 4088 387 4176 Jesu
409 4111 505 4182 neque
525 4085 730 4172 circurnrrfio
749 4093 872 4182 aliquid
887 4097 996 4174 valet,
1011 4112 1109 4184 neque
1125 4094 1340 4182 preputium,

296 4185 353 4275 sed
366 4183 473 4274 fides,
491 4210 557 4282 qua
578 4209 637 4282 per
663 4186 865 4259 diletiiorrem
891 4210 1056 4280 operatur.
1086 4188 1216 4286 Neque
1245 4193 1367 4266 enlm.

301 4291 339 4363 in
367 4290 576 4364 conlulione
609 4312 853 4385 paganorum,
883 4313 999 4387 neque
1030 4293 1066 4364 in
1100 4296 1342 4386 purgamentis

300 4388 579 4465 haereticorum‚
605 4414 721 4486 neque
749 4393 784 4463 in
815 4392 986 4487 languore
1016 4390 1341 4474 schilmaricorum,

301 4512 418 4584 neque
438 4493 471 4560 in
490 4491 644 4564 caecitate
658 4489 890 4586 judaeorum,
912 4492 1099 4587 quaerenda
1111 4487 1253 4584 Religio
1272 4490 1341 4572 cll,

300 4588 357 4662 leo
382 4587 475 4684 apud
496 4612 557 4662 eos
578 4638 588 4669 ,
606 4595 668 4685 qui
706 4590 882 4666 christiani
903 4591 1069 4666 catholici
1097 4645 1107 4673 ,
1138 4579 1202 4662 vel'
1217 4585 1345 4662 ortho-

299 4688 656 4863 goxisrgpminantum
673 4689 787 4774 idest,
806 4693 1011 4786 integritatis
1031 4689 1214 4772 custodes,
1234 4691 1269 4763 δι
1287 4711 1343 4762 re·

335 4812 350 4856 a
389 4808 406 4856 e
442 4804 551 4858 antea.

349 4881 458 4964 Xlll·
486 4885 652 4984 Sequitur
672 4909 801 4996 rorum
827 4891 1154 4972 commemoratio,
1173 4885 1343 5065 Pwfilluff·
1358 4889 1536 5034 Immemm

1257 5012 1296 5065 ur
1409 5011 1420 5035 ⁸
