<?xml version="1.0" encoding="UTF-8"?>
<!DOCTYPE html PUBLIC "-//W3C//DTD XHTML 1.0 Transitional//EN"
    "http://www.w3.org/TR/xhtml1/DTD/xhtml1-transitional.dtd">
<html xmlns="http://www.w3.org/1999/xhtml" xml:lang="en" lang="en">
 <head>
  <title>
</title>
<meta http-equiv="Content-Type" content="text/html;charset=utf-8" />
  <meta name='ocr-system' content='tesseract 3.04.00' />
  <meta name='ocr-capabilities' content='ocr_page ocr_carea ocr_par ocr_line ocrx_word'/>
</head>
<body>
  <div class='ocr_page' id='page_1' title='image "./theologiadogmat03alexgoog_0262.png"; bbox 0 0 3892 6434; ppageno 0'>
   <div class='ocr_carea' id='block_1_1' title="bbox 539 1231 1469 1369">
    <p class='ocr_par' dir='ltr' id='par_1_1' title="bbox 539 1231 1469 1369">
     <span class='ocr_line' id='line_1_1' title="bbox 539 1231 1469 1369; baseline -0.016 -25"><span class='ocrx_word' id='word_1_1' title='bbox 539 1258 625 1369; x_wconf 69' lang='lat' dir='ltr'>ula</span> <span class='ocrx_word' id='word_1_2' title='bbox 735 1233 892 1337; x_wconf 80' lang='lat' dir='ltr'>Theoi.</span> <span class='ocrx_word' id='word_1_3' title='bbox 908 1237 1032 1361; x_wconf 76' lang='lat' dir='ltr'>Dog.</span> <span class='ocrx_word' id='word_1_4' title='bbox 1058 1239 1101 1331; x_wconf 80' lang='lat' dir='ltr'>da</span> <span class='ocrx_word' id='word_1_5' title='bbox 1123 1231 1276 1337; x_wconf 68' lang='lat' dir='ltr'>Moral,</span> <span class='ocrx_word' id='word_1_6' title='bbox 1294 1233 1388 1339; x_wconf 81' lang='lat' dir='ltr'>[ib.</span> <span class='ocrx_word' id='word_1_7' title='bbox 1409 1233 1469 1336; x_wconf 84' lang='lat'>11.</span> 
     </span>
    </p>
   </div>
   <div class='ocr_carea' id='block_1_2' title="bbox 275 1404 1613 5390">
    <p class='ocr_par' dir='ltr' id='par_1_2' title="bbox 398 1404 1595 1510">
     <span class='ocr_line' id='line_1_2' title="bbox 398 1404 1595 1510; baseline -0.014 -16"><span class='ocrx_word' id='word_1_8' title='bbox 398 1484 403 1493; x_wconf 83' lang='lat'>.</span> <span class='ocrx_word' id='word_1_9' title='bbox 528 1404 638 1507; x_wconf 70' lang='lat' dir='ltr'>&#39;tate;</span> <span class='ocrx_word' id='word_1_10' title='bbox 650 1414 764 1501; x_wconf 81' lang='lat' dir='ltr'>immo</span> <span class='ocrx_word' id='word_1_11' title='bbox 778 1432 823 1487; x_wconf 95' lang='lat' dir='ltr'>eo</span> <span class='ocrx_word' id='word_1_12' title='bbox 843 1410 980 1505; x_wconf 88' lang='lat' dir='ltr'>major,</span> <span class='ocrx_word' id='word_1_13' title='bbox 997 1405 1098 1510; x_wconf 89' lang='lat' dir='ltr'>quod</span> <span class='ocrx_word' id='word_1_14' title='bbox 1114 1404 1325 1497; x_wconf 78' lang='lat' dir='ltr'>Eucharistia</span> <span class='ocrx_word' id='word_1_15' title='bbox 1353 1428 1429 1489; x_wconf 88' lang='lat' dir='ltr'>non</span> <span class='ocrx_word' id='word_1_16' title='bbox 1446 1404 1504 1494; x_wconf 73' lang='lat' dir='ltr'>eit</span> <span class='ocrx_word' id='word_1_17' title='bbox 1530 1404 1595 1493; x_wconf 67' lang='lat' dir='ltr'>sn.</span> 
     </span>
    </p>

    <p class='ocr_par' dir='ltr' id='par_1_3' title="bbox 543 1504 1594 1601">
     <span class='ocr_line' id='line_1_3' title="bbox 543 1504 1594 1601; baseline -0.004 -13"><span class='ocrx_word' id='word_1_18' title='bbox 543 1528 766 1601; x_wconf 73' lang='lat' dir='ltr'>aramentum</span> <span class='ocrx_word' id='word_1_19' title='bbox 787 1526 1049 1595; x_wconf 90' lang='lat' dir='ltr'>mortuorum,</span> <span class='ocrx_word' id='word_1_20' title='bbox 1074 1523 1114 1597; x_wconf 81' lang='lat' dir='ltr'>ut</span> <span class='ocrx_word' id='word_1_21' title='bbox 1138 1506 1185 1584; x_wconf 92' lang='lat' dir='ltr'>Ba</span> <span class='ocrx_word' id='word_1_22' title='bbox 1214 1506 1333 1589; x_wconf 84' lang='lat' dir='ltr'>tiimus</span> <span class='ocrx_word' id='word_1_23' title='bbox 1363 1504 1451 1585; x_wconf 69' lang='lat' dir='ltr'>‚sed</span> <span class='ocrx_word' id='word_1_24' title='bbox 1473 1512 1594 1595; x_wconf 68' lang='lat' dir='ltr'>niven:</span> 
     </span>
    </p>

    <p class='ocr_par' dir='ltr' id='par_1_4' title="bbox 435 1530 1594 1814">
     <span class='ocr_line' id='line_1_4' title="bbox 435 1530 1594 1709; baseline -0.007 -18"><span class='ocrx_word' id='word_1_25' title='bbox 435 1677 439 1691; x_wconf 92' lang='lat'>.</span> <span class='ocrx_word' id='word_1_26' title='bbox 499 1654 505 1661; x_wconf 78' lang='lat'><em>‚</em></span> <span class='ocrx_word' id='word_1_27' title='bbox 546 1618 658 1705; x_wconf 80' lang='lat' dir='ltr'>tium,</span> <span class='ocrx_word' id='word_1_28' title='bbox 675 1604 914 1709; x_wconf 86' lang='lat' dir='ltr'>ideoque&#39;per</span> <span class='ocrx_word' id='word_1_29' title='bbox 933 1608 967 1690; x_wconf 85' lang='lat' dir='ltr'>se</span> <span class='ocrx_word' id='word_1_30' title='bbox 990 1530 1372 1708; x_wconf 61' lang='lat' dir='ltr'>exigitiutfuscipiens</span> <span class='ocrx_word' id='word_1_31' title='bbox 1390 1604 1434 1691; x_wconf 85' lang='lat' dir='ltr'>stt</span> <span class='ocrx_word' id='word_1_32' title='bbox 1451 1608 1594 1696; x_wconf 74' lang='lat' dir='ltr'>inllatu</span> 
     </span>
     <span class='ocr_line' id='line_1_5' title="bbox 545 1711 908 1814; baseline -0.014 -25"><span class='ocrx_word' id='word_1_33' title='bbox 545 1715 666 1814; x_wconf 73' lang='lat' dir='ltr'>gratim</span> <span class='ocrx_word' id='word_1_34' title='bbox 684 1711 908 1793; x_wconf 79' lang='lat' dir='ltr'>constitutus.</span> 
     </span>
    </p>

    <p class='ocr_par' dir='ltr' id='par_1_5' title="bbox 523 1802 1595 3589">
     <span class='ocr_line' id='line_1_6' title="bbox 597 1802 1595 1907; baseline -0.003 -19"><span class='ocrx_word' id='word_1_35' title='bbox 597 1811 754 1907; x_wconf 80' lang='lat' dir='ltr'>Rogabis</span> <span class='ocrx_word' id='word_1_36' title='bbox 773 1807 928 1889; x_wconf 83' lang='lat' dir='ltr'>secundo</span> <span class='ocrx_word' id='word_1_37' title='bbox 942 1804 1195 1895; x_wconf 67' lang='lat' dir='ltr'>:Utrumillm</span> <span class='ocrx_word' id='word_1_38' title='bbox 1213 1805 1313 1897; x_wconf 80' lang='lat' dir='ltr'>cuiue</span> <span class='ocrx_word' id='word_1_39' title='bbox 1336 1802 1595 1893; x_wconf 61' lang='lat' dir='ltr'>memoriaeocss</span> 
     </span>
     <span class='ocr_line' id='line_1_7' title="bbox 544 1901 1593 2006; baseline -0.011 -16"><span class='ocrx_word' id='word_1_40' title='bbox 544 1909 826 1997; x_wconf 80' lang='lat' dir='ltr'>currit-mortale</span> <span class='ocrx_word' id='word_1_41' title='bbox 842 1922 1030 2006; x_wconf 83' lang='lat' dir='ltr'>peccatum</span> <span class='ocrx_word' id='word_1_42' title='bbox 1047 1909 1174 2005; x_wconf 88' lang='lat' dir='ltr'>‚cujus</span> <span class='ocrx_word' id='word_1_43' title='bbox 1194 1910 1229 1982; x_wconf 93' lang='lat' dir='ltr'>in</span> <span class='ocrx_word' id='word_1_44' title='bbox 1246 1901 1474 1995; x_wconf 77' lang='lat' dir='ltr'>Confelfione</span> <span class='ocrx_word' id='word_1_45' title='bbox 1498 1904 1593 1989; x_wconf 81' lang='lat' dir='ltr'>obli.</span> 
     </span>
     <span class='ocr_line' id='line_1_8' title="bbox 544 2003 1593 2096; baseline -0.005 -9"><span class='ocrx_word' id='word_1_46' title='bbox 544 2024 604 2094; x_wconf 82' lang='lat' dir='ltr'>tua</span> <span class='ocrx_word' id='word_1_47' title='bbox 628 2009 677 2091; x_wconf 83' lang='lat' dir='ltr'>est</span> <span class='ocrx_word' id='word_1_48' title='bbox 703 2007 820 2096; x_wconf 84' lang='lat' dir='ltr'>‚ilud</span> <span class='ocrx_word' id='word_1_49' title='bbox 843 2025 926 2085; x_wconf 89' lang='lat' dir='ltr'>ante</span> <span class='ocrx_word' id='word_1_50' title='bbox 951 2006 1258 2091; x_wconf 72' lang='lat' dir='ltr'>communionem</span> <span class='ocrx_word' id='word_1_51' title='bbox 1277 2003 1440 2089; x_wconf 80' lang='lat' dir='ltr'>confiteri</span> <span class='ocrx_word' id='word_1_52' title='bbox 1474 2020 1593 2092; x_wconf 83' lang='lat' dir='ltr'>tenea·</span> 
     </span>
     <span class='ocr_line' id='line_1_9' title="bbox 544 2106 1592 2281; baseline -0.009 -91"><span class='ocrx_word' id='word_1_53' title='bbox 544 2125 624 2196; x_wconf 85' lang='lat' dir='ltr'>tur,</span> <span class='ocrx_word' id='word_1_54' title='bbox 645 2133 729 2191; x_wconf 88' lang='lat' dir='ltr'>cam</span> <span class='ocrx_word' id='word_1_55' title='bbox 746 2166 769 2202; x_wconf 81' lang='lat'>„</span> <span class='ocrx_word' id='word_1_56' title='bbox 794 2106 975 2192; x_wconf 70' lang='lat' dir='ltr'>Peccata,</span> <span class='ocrx_word' id='word_1_57' title='bbox 997 2132 1076 2219; x_wconf 85' lang='lat' dir='ltr'>quae</span> <span class='ocrx_word' id='word_1_58' title='bbox 1098 2107 1285 2210; x_wconf 80' lang='lat' dir='ltr'>diligenter</span> <span class='ocrx_word' id='word_1_59' title='bbox 1315 2106 1488 2281; x_wconf 75' lang='lat' dir='ltr'>cossgiranti</span> <span class='ocrx_word' id='word_1_60' title='bbox 1513 2128 1592 2187; x_wconf 88' lang='lat' dir='ltr'>non</span> 
     </span>
     <span class='ocr_line' id='line_1_10' title="bbox 543 2203 1592 2311; baseline -0.008 -24"><span class='ocrx_word' id='word_1_61' title='bbox 543 2266 570 2311; x_wconf 80' lang='grc'>,,</span> <span class='ocrx_word' id='word_1_62' title='bbox 584 2223 799 2293; x_wconf 89' lang='lat' dir='ltr'>occurrunt,</span> <span class='ocrx_word' id='word_1_63' title='bbox 819 2210 857 2291; x_wconf 91' lang='lat' dir='ltr'>in</span> <span class='ocrx_word' id='word_1_64' title='bbox 878 2209 1077 2293; x_wconf 84' lang='lat' dir='ltr'>univerlum</span> <span class='ocrx_word' id='word_1_65' title='bbox 1094 2208 1216 2291; x_wconf 89' lang='lat' dir='ltr'>eadem</span> <span class='ocrx_word' id='word_1_66' title='bbox 1230 2203 1346 2285; x_wconf 81' lang='lat' dir='ltr'>conte</span> <span class='ocrx_word' id='word_1_67' title='bbox 1374 2227 1459 2289; x_wconf 79' lang='lat' dir='ltr'>rone</span> <span class='ocrx_word' id='word_1_68' title='bbox 1475 2204 1592 2291; x_wconf 82' lang='lat' dir='ltr'>inclu-</span> 
     </span>
     <span class='ocr_line' id='line_1_11' title="bbox 544 2302 1593 2413; baseline -0.006 -28"><span class='ocrx_word' id='word_1_69' title='bbox 544 2366 571 2413; x_wconf 71' lang='lat'>„</span> <span class='ocrx_word' id='word_1_70' title='bbox 587 2309 618 2387; x_wconf 87' lang='lat' dir='ltr'>sa</span> <span class='ocrx_word' id='word_1_71' title='bbox 632 2305 699 2395; x_wconf 82' lang='lat' dir='ltr'>elie</span> <span class='ocrx_word' id='word_1_72' title='bbox 722 2306 960 2403; x_wconf 80' lang='lat' dir='ltr'>intelligantur</span> <span class='ocrx_word' id='word_1_73' title='bbox 985 2363 1034 2400; x_wconf 79' lang='grc'>,,,</span> <span class='ocrx_word' id='word_1_74' title='bbox 1057 2309 1252 2403; x_wconf 87' lang='lat' dir='ltr'>eademque</span> <span class='ocrx_word' id='word_1_75' title='bbox 1276 2303 1510 2388; x_wconf 81' lang='lat' dir='ltr'>Absolutione</span> <span class='ocrx_word' id='word_1_76' title='bbox 1529 2302 1593 2390; x_wconf 83' lang='lat' dir='ltr'>Sa·</span> 
     </span>
     <span class='ocr_line' id='line_1_12' title="bbox 543 2401 1593 2501; baseline -0.005 -18"><span class='ocrx_word' id='word_1_77' title='bbox 543 2407 745 2496; x_wconf 72' lang='lat' dir='ltr'>aramentali</span> <span class='ocrx_word' id='word_1_78' title='bbox 772 2405 979 2493; x_wconf 81' lang='lat' dir='ltr'>condonata</span> <span class='ocrx_word' id='word_1_79' title='bbox 997 2408 1048 2500; x_wconf 80' lang='lat'>3(</span> <span class='ocrx_word' id='word_1_80' title='bbox 1079 2421 1118 2490; x_wconf 87' lang='lat' dir='ltr'>ut</span> <span class='ocrx_word' id='word_1_81' title='bbox 1150 2408 1258 2493; x_wconf 86' lang='lat' dir='ltr'>ducet</span> <span class='ocrx_word' id='word_1_82' title='bbox 1281 2401 1593 2501; x_wconf 60' lang='lat' dir='ltr'>Conciliuijri,</span> 
     </span>
     <span class='ocr_line' id='line_1_13' title="bbox 542 2503 1584 2608; baseline -0.008 -19"><span class='ocrx_word' id='word_1_83' title='bbox 542 2510 736 2589; x_wconf 80' lang='lat' dir='ltr'>deminum</span> <span class='ocrx_word' id='word_1_84' title='bbox 752 2503 834 2588; x_wconf 76' lang='lat' dir='ltr'>Seii.</span> <span class='ocrx_word' id='word_1_85' title='bbox 862 2525 915 2599; x_wconf 79' lang='lat'>14</span> <span class='ocrx_word' id='word_1_86' title='bbox 934 2530 1012 2602; x_wconf 87' lang='lat' dir='ltr'>cap.</span> <span class='ocrx_word' id='word_1_87' title='bbox 1031 2507 1098 2608; x_wconf 77' lang='grc' dir='ltr'>ς.)</span> <span class='ocrx_word' id='word_1_88' title='bbox 1135 2561 1137 2563; x_wconf 71' lang='lat'>.</span> <span class='ocrx_word' id='word_1_89' title='bbox 1579 2506 1584 2515; x_wconf 83' lang='lat'><em>&#39;</em></span> 
     </span>
     <span class='ocr_line' id='line_1_14' title="bbox 540 2600 1589 2708; baseline 0.002 -29"><span class='ocrx_word' id='word_1_90' title='bbox 540 2671 544 2679; x_wconf 92' lang='lat'>.</span> <span class='ocrx_word' id='word_1_91' title='bbox 592 2604 696 2704; x_wconf 76' lang='lat' dir='ltr'>Relp.</span> <span class='ocrx_word' id='word_1_92' title='bbox 725 2605 779 2691; x_wconf 82' lang='lat' dir='ltr'>Ad</span> <span class='ocrx_word' id='word_1_93' title='bbox 798 2606 887 2681; x_wconf 79' lang='lat' dir='ltr'>illius</span> <span class='ocrx_word' id='word_1_94' title='bbox 906 2613 1044 2708; x_wconf 88' lang='lat' dir='ltr'>peccati</span> <span class='ocrx_word' id='word_1_95' title='bbox 1071 2600 1336 2689; x_wconf 81' lang='lat' dir='ltr'>Confelliooem</span> <span class='ocrx_word' id='word_1_96' title='bbox 1362 2602 1472 2685; x_wconf 89' lang='lat' dir='ltr'>teneri</span> <span class='ocrx_word' id='word_1_97' title='bbox 1492 2602 1589 2701; x_wconf 81' lang='lat' dir='ltr'>priua</span> 
     </span>
     <span class='ocr_line' id='line_1_15' title="bbox 540 2700 1587 2810; baseline -0.013 -27"><span class='ocrx_word' id='word_1_98' title='bbox 540 2728 651 2801; x_wconf 72' lang='lat' dir='ltr'>quam</span> <span class='ocrx_word' id='word_1_99' title='bbox 670 2702 920 2787; x_wconf 82' lang='lat' dir='ltr'>Eucharistiam</span> <span class='ocrx_word' id='word_1_100' title='bbox 943 2704 1120 2809; x_wconf 64' lang='lat' dir='ltr'>suscipiam</span> <span class='ocrx_word' id='word_1_101' title='bbox 1135 2707 1216 2810; x_wconf 87' lang='lat' dir='ltr'>quia</span> <span class='ocrx_word' id='word_1_102' title='bbox 1236 2727 1311 2780; x_wconf 92' lang='lat' dir='ltr'>non</span> <span class='ocrx_word' id='word_1_103' title='bbox 1334 2700 1447 2781; x_wconf 82' lang='lat' dir='ltr'>solum</span> <span class='ocrx_word' id='word_1_104' title='bbox 1462 2700 1587 2796; x_wconf 62' lang='lat' dir='ltr'>praciss</span> 
     </span>
     <span class='ocr_line' id='line_1_16' title="bbox 523 2803 1590 2890; baseline 0.001 -11"><span class='ocrx_word' id='word_1_105' title='bbox 523 2817 527 2827; x_wconf 80' lang='lat'><strong><em>‘</em></strong></span> <span class='ocrx_word' id='word_1_106' title='bbox 569 2808 636 2882; x_wconf 89' lang='lat' dir='ltr'>itur</span> <span class='ocrx_word' id='word_1_107' title='bbox 656 2803 838 2882; x_wconf 85' lang='lat' dir='ltr'>Conlellio</span> <span class='ocrx_word' id='word_1_108' title='bbox 859 2820 942 2883; x_wconf 91' lang='lat' dir='ltr'>ante</span> <span class='ocrx_word' id='word_1_109' title='bbox 967 2804 1096 2889; x_wconf 87' lang='lat' dir='ltr'>sacram</span> <span class='ocrx_word' id='word_1_110' title='bbox 1120 2805 1449 2889; x_wconf 73' lang='lat' dir='ltr'>communionem,</span> <span class='ocrx_word' id='word_1_111' title='bbox 1466 2804 1524 2890; x_wconf 83' lang='lat' dir='ltr'>led</span> <span class='ocrx_word' id='word_1_112' title='bbox 1548 2812 1590 2889; x_wconf 85' lang='lat' dir='ltr'>ut</span> 
     </span>
     <span class='ocr_line' id='line_1_17' title="bbox 537 2828 1583 3005; baseline 0 -26"><span class='ocrx_word' id='word_1_113' title='bbox 537 2828 602 2989; x_wconf 52' lang='lat' dir='ltr'>gat</span> <span class='ocrx_word' id='word_1_114' title='bbox 626 2907 763 3005; x_wconf 83' lang='lat' dir='ltr'>integre</span> <span class='ocrx_word' id='word_1_115' title='bbox 788 2904 833 2985; x_wconf 89' lang='lat' dir='ltr'>de</span> <span class='ocrx_word' id='word_1_116' title='bbox 853 2906 1043 2988; x_wconf 85' lang='lat' dir='ltr'>omnibus,</span> <span class='ocrx_word' id='word_1_117' title='bbox 1060 2910 1216 3001; x_wconf 87' lang='lat' dir='ltr'>quorum</span> <span class='ocrx_word' id='word_1_118' title='bbox 1229 2901 1378 2989; x_wconf 86' lang='lat' dir='ltr'>habetur</span> <span class='ocrx_word' id='word_1_119' title='bbox 1393 2904 1583 2991; x_wconf 80' lang='lat' dir='ltr'>memoria.</span> 
     </span>
     <span class='ocr_line' id='line_1_18' title="bbox 534 2997 1585 3108; baseline -0.003 -29"><span class='ocrx_word' id='word_1_120' title='bbox 534 2997 687 3097; x_wconf 78' lang='lat' dir='ltr'>Peccata</span> <span class='ocrx_word' id='word_1_121' title='bbox 710 3027 795 3084; x_wconf 87' lang='lat' dir='ltr'>vero</span> <span class='ocrx_word' id='word_1_122' title='bbox 811 3052 823 3086; x_wconf 85' lang='lat'><strong>,</strong></span> <span class='ocrx_word' id='word_1_123' title='bbox 837 3026 916 3108; x_wconf 79' lang='lat' dir='ltr'>qua</span> <span class='ocrx_word' id='word_1_124' title='bbox 937 3004 1123 3105; x_wconf 84' lang='lat' dir='ltr'>diligenter</span> <span class='ocrx_word' id='word_1_125' title='bbox 1144 3005 1318 3102; x_wconf 83' lang='lat' dir='ltr'>cogitanti</span> <span class='ocrx_word' id='word_1_126' title='bbox 1354 3022 1429 3076; x_wconf 88' lang='lat' dir='ltr'>noo</span> <span class='ocrx_word' id='word_1_127' title='bbox 1455 3023 1585 3089; x_wconf 87' lang='lat' dir='ltr'>occur-</span> 
     </span>
     <span class='ocr_line' id='line_1_19' title="bbox 537 3098 1585 3209; baseline -0.007 -29"><span class='ocrx_word' id='word_1_128' title='bbox 537 3120 625 3189; x_wconf 73' lang='lat' dir='ltr'>¹arent</span> <span class='ocrx_word' id='word_1_129' title='bbox 646 3152 658 3187; x_wconf 89' lang='lat'>,</span> <span class='ocrx_word' id='word_1_130' title='bbox 677 3105 714 3189; x_wconf 90' lang='lat' dir='ltr'>in</span> <span class='ocrx_word' id='word_1_131' title='bbox 737 3102 935 3183; x_wconf 83' lang='lat' dir='ltr'>universum</span> <span class='ocrx_word' id='word_1_132' title='bbox 961 3107 1084 3188; x_wconf 89' lang='lat' dir='ltr'>eadem</span> <span class='ocrx_word' id='word_1_133' title='bbox 1112 3100 1329 3190; x_wconf 73' lang='lat' dir='ltr'>conielfione</span> <span class='ocrx_word' id='word_1_134' title='bbox 1358 3099 1489 3186; x_wconf 80' lang='lat' dir='ltr'>inclusa</span> <span class='ocrx_word' id='word_1_135' title='bbox 1517 3098 1585 3209; x_wconf 70' lang='lat' dir='ltr'>elle</span> 
     </span>
     <span class='ocr_line' id='line_1_20' title="bbox 534 3201 1588 3300; baseline 0.004 -24"><span class='ocrx_word' id='word_1_136' title='bbox 534 3202 809 3300; x_wconf 80' lang='lat' dir='ltr'>intelliguntur,</span> <span class='ocrx_word' id='word_1_137' title='bbox 841 3203 878 3278; x_wconf 81' lang='lat' dir='ltr'>da</span> <span class='ocrx_word' id='word_1_138' title='bbox 901 3204 1055 3299; x_wconf 87' lang='lat' dir='ltr'>generali</span> <span class='ocrx_word' id='word_1_139' title='bbox 1087 3206 1304 3284; x_wconf 81' lang='lat' dir='ltr'>contritione</span> <span class='ocrx_word' id='word_1_140' title='bbox 1332 3201 1494 3284; x_wconf 89' lang='lat' dir='ltr'>delentur</span> <span class='ocrx_word' id='word_1_141' title='bbox 1512 3225 1525 3294; x_wconf 79' lang='lat'>3</span> <span class='ocrx_word' id='word_1_142' title='bbox 1545 3223 1588 3289; x_wconf 70' lang='lat' dir='ltr'>ea,</span> 
     </span>
     <span class='ocr_line' id='line_1_21' title="bbox 535 3299 1584 3414; baseline 0 -37"><span class='ocrx_word' id='word_1_143' title='bbox 535 3300 657 3378; x_wconf 80' lang='lat' dir='ltr'>tamen</span> <span class='ocrx_word' id='word_1_144' title='bbox 675 3306 773 3399; x_wconf 86' lang='lat' dir='ltr'>lege,</span> <span class='ocrx_word' id='word_1_145' title='bbox 792 3318 831 3380; x_wconf 89' lang='lat' dir='ltr'>ut</span> <span class='ocrx_word' id='word_1_146' title='bbox 848 3320 986 3399; x_wconf 86' lang='lat' dir='ltr'>paratus</span> <span class='ocrx_word' id='word_1_147' title='bbox 1000 3302 1041 3380; x_wconf 87' lang='lat' dir='ltr'>lit</span> <span class='ocrx_word' id='word_1_148' title='bbox 1062 3300 1265 3388; x_wconf 87' lang='lat' dir='ltr'>Poenirens,</span> <span class='ocrx_word' id='word_1_149' title='bbox 1279 3299 1323 3378; x_wconf 90' lang='lat' dir='ltr'>ad</span> <span class='ocrx_word' id='word_1_150' title='bbox 1336 3325 1375 3377; x_wconf 90' lang='lat' dir='ltr'>ea</span> <span class='ocrx_word' id='word_1_151' title='bbox 1388 3355 1398 3387; x_wconf 89' lang='lat'><strong>,</strong></span> <span class='ocrx_word' id='word_1_152' title='bbox 1410 3314 1491 3414; x_wconf 71' lang='lat' dir='ltr'>qua</span> <span class='ocrx_word' id='word_1_153' title='bbox 1503 3302 1584 3387; x_wconf 88' lang='lat' dir='ltr'>lob·</span> 
     </span>
     <span class='ocr_line' id='line_1_22' title="bbox 534 3399 1581 3500; baseline 0.003 -25"><span class='ocrx_word' id='word_1_154' title='bbox 534 3401 618 3489; x_wconf 85' lang='lat' dir='ltr'>inde</span> <span class='ocrx_word' id='word_1_155' title='bbox 637 3405 672 3481; x_wconf 92' lang='lat' dir='ltr'>in</span> <span class='ocrx_word' id='word_1_156' title='bbox 698 3406 908 3488; x_wconf 86' lang='lat' dir='ltr'>memoriam</span> <span class='ocrx_word' id='word_1_157' title='bbox 930 3420 1097 3490; x_wconf 84' lang='lat' dir='ltr'>revocata</span> <span class='ocrx_word' id='word_1_158' title='bbox 1118 3401 1247 3490; x_wconf 79' lang='lat' dir='ltr'>luerint</span> <span class='ocrx_word' id='word_1_159' title='bbox 1267 3452 1280 3482; x_wconf 81' lang='lat'><em>,</em></span> <span class='ocrx_word' id='word_1_160' title='bbox 1298 3399 1473 3500; x_wconf 77' lang='lat' dir='ltr'>sigillatim</span> <span class='ocrx_word' id='word_1_161' title='bbox 1490 3423 1581 3478; x_wconf 89' lang='lat' dir='ltr'>con·</span> 
     </span>
     <span class='ocr_line' id='line_1_23' title="bbox 534 3497 891 3589; baseline 0 -12"><span class='ocrx_word' id='word_1_162' title='bbox 534 3497 666 3586; x_wconf 75' lang='lat' dir='ltr'>fironda</span> <span class='ocrx_word' id='word_1_163' title='bbox 696 3502 891 3589; x_wconf 82' lang='lat' dir='ltr'>Sacerdoti.</span> 
     </span>
    </p>

    <p class='ocr_par' dir='ltr' id='par_1_6' title="bbox 532 3594 1583 3884">
     <span class='ocr_line' id='line_1_24' title="bbox 587 3594 1583 3700; baseline -0.008 -19"><span class='ocrx_word' id='word_1_164' title='bbox 587 3599 745 3700; x_wconf 87' lang='lat' dir='ltr'>Rogabis</span> <span class='ocrx_word' id='word_1_165' title='bbox 764 3607 893 3686; x_wconf 87' lang='lat' dir='ltr'>tertio:</span> <span class='ocrx_word' id='word_1_166' title='bbox 913 3598 1014 3695; x_wconf 88' lang='lat' dir='ltr'>Quid</span> <span class='ocrx_word' id='word_1_167' title='bbox 1028 3600 1120 3689; x_wconf 80' lang='lat' dir='ltr'>fodio</span> <span class='ocrx_word' id='word_1_168' title='bbox 1143 3599 1185 3684; x_wconf 85' lang='lat' dir='ltr'>ur</span> <span class='ocrx_word' id='word_1_169' title='bbox 1206 3623 1298 3697; x_wconf 84' lang='lat' dir='ltr'>opus</span> <span class='ocrx_word' id='word_1_170' title='bbox 1317 3600 1371 3684; x_wconf 83' lang='lat' dir='ltr'>ei,</span> <span class='ocrx_word' id='word_1_171' title='bbox 1388 3600 1450 3700; x_wconf 90' lang='lat' dir='ltr'>qui</span> <span class='ocrx_word' id='word_1_172' title='bbox 1473 3594 1583 3687; x_wconf 79' lang='lat' dir='ltr'>solani</span> 
     </span>
     <span class='ocr_line' id='line_1_25' title="bbox 533 3700 1581 3805; baseline 0.005 -32"><span class='ocrx_word' id='word_1_173' title='bbox 533 3702 768 3795; x_wconf 83' lang='lat' dir='ltr'>opinionem,</span> <span class='ocrx_word' id='word_1_174' title='bbox 789 3701 844 3777; x_wconf 89' lang='lat' dir='ltr'>vel</span> <span class='ocrx_word' id='word_1_175' title='bbox 868 3700 1049 3798; x_wconf 85' lang='lat' dir='ltr'>probabile</span> <span class='ocrx_word' id='word_1_176' title='bbox 1061 3701 1215 3790; x_wconf 76' lang='lat' dir='ltr'>‚dubium</span> <span class='ocrx_word' id='word_1_177' title='bbox 1235 3701 1342 3787; x_wconf 83' lang='lat' dir='ltr'>habet</span> <span class='ocrx_word' id='word_1_178' title='bbox 1369 3703 1581 3805; x_wconf 76' lang='lat' dir='ltr'>deprecato</span> 
     </span>
     <span class='ocr_line' id='line_1_26' title="bbox 532 3797 1574 3884; baseline 0.005 -10"><span class='ocrx_word' id='word_1_179' title='bbox 532 3801 675 3884; x_wconf 79' lang='lat' dir='ltr'>mortali</span> <span class='ocrx_word' id='word_1_180' title='bbox 698 3824 773 3884; x_wconf 91' lang='lat' dir='ltr'>non</span> <span class='ocrx_word' id='word_1_181' title='bbox 796 3797 965 3884; x_wconf 65' lang='lat' dir='ltr'>confello»</span> <span class='ocrx_word' id='word_1_182' title='bbox 1569 3814 1574 3824; x_wconf 83' lang='grc'>’·</span> 
     </span>
    </p>

    <p class='ocr_par' dir='ltr' id='par_1_7' title="bbox 582 3895 1578 3995">
     <span class='ocr_line' id='line_1_27' title="bbox 582 3895 1578 3995; baseline 0.007 -21"><span class='ocrx_word' id='word_1_183' title='bbox 582 3895 687 3995; x_wconf 76' lang='lat' dir='ltr'>Relp,</span> <span class='ocrx_word' id='word_1_184' title='bbox 715 3897 852 3988; x_wconf 79' lang='lat' dir='ltr'>Peccati</span> <span class='ocrx_word' id='word_1_185' title='bbox 866 3899 955 3993; x_wconf 78' lang='lat' dir='ltr'>illius</span> <span class='ocrx_word' id='word_1_186' title='bbox 965 3896 1218 3985; x_wconf 80' lang='lat' dir='ltr'>confessionem</span> <span class='ocrx_word' id='word_1_187' title='bbox 1230 3896 1523 3978; x_wconf 88' lang='lat' dir='ltr'>Sacramentalem</span> <span class='ocrx_word' id='word_1_188' title='bbox 1535 3901 1578 3982; x_wconf 90' lang='lat' dir='ltr'>ab</span> 
     </span>
    </p>

    <p class='ocr_par' dir='ltr' id='par_1_8' title="bbox 506 3994 1613 4794">
     <span class='ocr_line' id='line_1_28' title="bbox 506 3994 1580 4101; baseline -0.002 -26"><span class='ocrx_word' id='word_1_189' title='bbox 506 4026 509 4033; x_wconf 55' lang='lat'><em>⁴</em></span> <span class='ocrx_word' id='word_1_190' title='bbox 531 3994 607 4093; x_wconf 82' lang='lat' dir='ltr'>ipso</span> <span class='ocrx_word' id='word_1_191' title='bbox 631 4002 795 4095; x_wconf 62' lang='lat' dir='ltr'>promitti</span> <span class='ocrx_word' id='word_1_192' title='bbox 819 4014 988 4097; x_wconf 88' lang='lat' dir='ltr'>oportere</span> <span class='ocrx_word' id='word_1_193' title='bbox 1008 3997 1107 4081; x_wconf 79' lang='lat' dir='ltr'>sacra</span> <span class='ocrx_word' id='word_1_194' title='bbox 1131 4000 1391 4081; x_wconf 84' lang='lat' dir='ltr'>Cominunioni</span> <span class='ocrx_word' id='word_1_195' title='bbox 1411 4056 1423 4089; x_wconf 89' lang='lat'>,</span> <span class='ocrx_word' id='word_1_196' title='bbox 1445 4002 1580 4101; x_wconf 82' lang='lat' dir='ltr'>alioqui</span> 
     </span>
     <span class='ocr_line' id='line_1_29' title="bbox 530 4096 1572 4196; baseline 0.004 -24"><span class='ocrx_word' id='word_1_197' title='bbox 530 4096 703 4194; x_wconf 67' lang='lat' dir='ltr'>sacrilega</span> <span class='ocrx_word' id='word_1_198' title='bbox 725 4103 989 4187; x_wconf 82' lang='lat' dir='ltr'>communionis</span> <span class='ocrx_word' id='word_1_199' title='bbox 1011 4101 1169 4195; x_wconf 89' lang='lat' dir='ltr'>periculo</span> <span class='ocrx_word' id='word_1_200' title='bbox 1192 4103 1225 4177; x_wconf 87' lang='lat' dir='ltr'>le</span> <span class='ocrx_word' id='word_1_201' title='bbox 1240 4103 1403 4196; x_wconf 79' lang='lat' dir='ltr'>exponit.</span> <span class='ocrx_word' id='word_1_202' title='bbox 1498 4134 1500 4137; x_wconf 95' lang='lat'>·</span> <span class='ocrx_word' id='word_1_203' title='bbox 1568 4109 1572 4117; x_wconf 89' lang='lat'>&#39;</span> 
     </span>
     <span class='ocr_line' id='line_1_30' title="bbox 533 4191 1580 4307; baseline 0.008 -36"><span class='ocrx_word' id='word_1_204' title='bbox 533 4276 536 4281; x_wconf 67' lang='grc'><em>,</em></span> <span class='ocrx_word' id='word_1_205' title='bbox 582 4191 739 4292; x_wconf 83' lang='lat' dir='ltr'>Rogabis</span> <span class='ocrx_word' id='word_1_206' title='bbox 755 4213 901 4298; x_wconf 89' lang='lat' dir='ltr'>quarto:</span> <span class='ocrx_word' id='word_1_207' title='bbox 918 4197 1048 4281; x_wconf 86' lang='lat' dir='ltr'>Utrum</span> <span class='ocrx_word' id='word_1_208' title='bbox 1063 4199 1253 4284; x_wconf 81' lang='lat' dir='ltr'>Sacerdos,</span> <span class='ocrx_word' id='word_1_209' title='bbox 1273 4200 1473 4300; x_wconf 80' lang='lat' dir='ltr'>quiabl&#39;que</span> <span class='ocrx_word' id='word_1_210' title='bbox 1491 4225 1580 4307; x_wconf 76' lang='lat' dir='ltr'>pra·</span> 
     </span>
     <span class='ocr_line' id='line_1_31' title="bbox 532 4295 1613 4400; baseline 0 -30"><span class='ocrx_word' id='word_1_211' title='bbox 532 4295 586 4371; x_wconf 81' lang='lat' dir='ltr'>via</span> <span class='ocrx_word' id='word_1_212' title='bbox 604 4296 864 4381; x_wconf 78' lang='lat' dir='ltr'>conlellronein</span> <span class='ocrx_word' id='word_1_213' title='bbox 881 4297 959 4377; x_wconf 89' lang='lat' dir='ltr'>calu</span> <span class='ocrx_word' id='word_1_214' title='bbox 978 4297 1182 4378; x_wconf 84' lang='lat' dir='ltr'>necellitatis</span> <span class='ocrx_word' id='word_1_215' title='bbox 1193 4299 1382 4386; x_wconf 75' lang='lat' dir='ltr'>celebrarit</span> <span class='ocrx_word' id='word_1_216' title='bbox 1394 4323 1479 4380; x_wconf 89' lang='lat' dir='ltr'>cum</span> <span class='ocrx_word' id='word_1_217' title='bbox 1490 4309 1579 4400; x_wconf 86' lang='lat' dir='ltr'>pec&#39;.</span> <span class='ocrx_word' id='word_1_218' title='bbox 1610 4385 1613 4390; x_wconf 25' lang='lat'><strong><em>¹</em></strong></span> 
     </span>
     <span class='ocr_line' id='line_1_32' title="bbox 530 4397 1580 4498; baseline 0.01 -29"><span class='ocrx_word' id='word_1_219' title='bbox 530 4397 601 4485; x_wconf 74' lang='lat' dir='ltr'>cati</span> <span class='ocrx_word' id='word_1_220' title='bbox 625 4398 780 4490; x_wconf 83' lang='lat' dir='ltr'>mortalis</span> <span class='ocrx_word' id='word_1_221' title='bbox 799 4399 1031 4485; x_wconf 80' lang='lat' dir='ltr'>conscientia,</span> <span class='ocrx_word' id='word_1_222' title='bbox 1049 4402 1310 4498; x_wconf 86' lang='lat' dir='ltr'>quamprimum</span> <span class='ocrx_word' id='word_1_223' title='bbox 1333 4399 1496 4486; x_wconf 84' lang='lat' dir='ltr'>confiteri</span> <span class='ocrx_word' id='word_1_224' title='bbox 1515 4401 1580 4478; x_wconf 90' lang='lat' dir='ltr'>de·</span> 
     </span>
     <span class='ocr_line' id='line_1_33' title="bbox 526 4493 1578 4596; baseline 0.009 -27"><span class='ocrx_word' id='word_1_225' title='bbox 526 4493 608 4572; x_wconf 85' lang='lat' dir='ltr'>beat</span> <span class='ocrx_word' id='word_1_226' title='bbox 635 4520 681 4573; x_wconf 84' lang='lat' dir='ltr'>ex</span> <span class='ocrx_word' id='word_1_227' title='bbox 707 4513 886 4596; x_wconf 78' lang='lat' dir='ltr'>praecepto</span> <span class='ocrx_word' id='word_1_228' title='bbox 903 4523 913 4592; x_wconf 91' lang='lat'>;</span> <span class='ocrx_word' id='word_1_229' title='bbox 930 4522 975 4581; x_wconf 88' lang='lat' dir='ltr'>an</span> <span class='ocrx_word' id='word_1_230' title='bbox 998 4497 1111 4583; x_wconf 86' lang='lat' dir='ltr'>solum</span> <span class='ocrx_word' id='word_1_231' title='bbox 1141 4515 1318 4596; x_wconf 87' lang='lat' dir='ltr'>congruat</span> <span class='ocrx_word' id='word_1_232' title='bbox 1346 4499 1459 4596; x_wconf 87' lang='lat' dir='ltr'>ipsum</span> <span class='ocrx_word' id='word_1_233' title='bbox 1487 4523 1578 4587; x_wconf 88' lang='lat' dir='ltr'>con·</span> 
     </span>
     <span class='ocr_line' id='line_1_34' title="bbox 526 4591 1572 4698; baseline 0.008 -27"><span class='ocrx_word' id='word_1_234' title='bbox 526 4591 616 4671; x_wconf 81' lang='lat' dir='ltr'>fiteri</span> <span class='ocrx_word' id='word_1_235' title='bbox 635 4621 693 4675; x_wconf 80' lang='lat' dir='ltr'>ex</span> <span class='ocrx_word' id='word_1_236' title='bbox 717 4596 892 4687; x_wconf 82' lang='lat' dir='ltr'>confili03</span> <span class='ocrx_word' id='word_1_237' title='bbox 915 4622 981 4675; x_wconf 90' lang='lat' dir='ltr'>nec</span> <span class='ocrx_word' id='word_1_238' title='bbox 994 4599 1118 4681; x_wconf 84' lang='lat' dir='ltr'>debeat</span> <span class='ocrx_word' id='word_1_239' title='bbox 1129 4621 1284 4698; x_wconf 80' lang='lat' dir='ltr'>quarere</span> <span class='ocrx_word' id='word_1_240' title='bbox 1294 4596 1572 4691; x_wconf 70' lang='lat' dir='ltr'>contenanum,</span> 
     </span>
     <span class='ocr_line' id='line_1_35' title="bbox 526 4693 1533 4794; baseline 0.011 -25"><span class='ocrx_word' id='word_1_241' title='bbox 526 4694 563 4785; x_wconf 61' lang='lat' dir='ltr'>§a</span> <span class='ocrx_word' id='word_1_242' title='bbox 590 4693 706 4789; x_wconf 81' lang='lat' dir='ltr'>adire3</span> <span class='ocrx_word' id='word_1_243' title='bbox 731 4698 786 4773; x_wconf 87' lang='lat' dir='ltr'>sed</span> <span class='ocrx_word' id='word_1_244' title='bbox 809 4698 991 4788; x_wconf 72' lang='lat' dir='ltr'>expediere</span> <span class='ocrx_word' id='word_1_245' title='bbox 1014 4698 1151 4774; x_wconf 86' lang='lat' dir='ltr'>satisfit</span> <span class='ocrx_word' id='word_1_246' title='bbox 1174 4703 1496 4794; x_wconf 81' lang='lat' dir='ltr'>opportunitatem.</span> <span class='ocrx_word' id='word_1_247' title='bbox 1531 4743 1533 4747; x_wconf 95' lang='lat'>·</span> 
     </span>
    </p>

    <p class='ocr_par' dir='ltr' id='par_1_9' title="bbox 523 4794 1575 5197">
     <span class='ocr_line' id='line_1_36' title="bbox 575 4794 1574 4905; baseline 0.006 -33"><span class='ocrx_word' id='word_1_248' title='bbox 575 4794 789 4905; x_wconf 81' lang='lat' dir='ltr'>Rel&#39;pondeo</span> <span class='ocrx_word' id='word_1_249' title='bbox 811 4795 1058 4895; x_wconf 80' lang='lat' dir='ltr'>:Praeceptum</span> <span class='ocrx_word' id='word_1_250' title='bbox 1084 4795 1150 4878; x_wconf 83' lang='lat' dir='ltr'>else</span> <span class='ocrx_word' id='word_1_251' title='bbox 1179 4801 1392 4896; x_wconf 82' lang='lat' dir='ltr'>quantocius</span> <span class='ocrx_word' id='word_1_252' title='bbox 1420 4799 1574 4897; x_wconf 88' lang='lat' dir='ltr'>implen-</span> 
     </span>
     <span class='ocr_line' id='line_1_37' title="bbox 525 4893 1575 4993; baseline 0.003 -23"><span class='ocrx_word' id='word_1_253' title='bbox 525 4893 632 4985; x_wconf 75' lang='lat' dir='ltr'>dum,</span> <span class='ocrx_word' id='word_1_254' title='bbox 651 4915 690 4972; x_wconf 90' lang='lat' dir='ltr'>ut</span> <span class='ocrx_word' id='word_1_255' title='bbox 706 4897 860 4992; x_wconf 85' lang='lat' dir='ltr'>probant</span> <span class='ocrx_word' id='word_1_256' title='bbox 876 4895 1028 4986; x_wconf 81' lang='lat' dir='ltr'>Concilii</span> <span class='ocrx_word' id='word_1_257' title='bbox 1048 4895 1145 4972; x_wconf 90' lang='lat' dir='ltr'>Trid.</span> <span class='ocrx_word' id='word_1_258' title='bbox 1167 4900 1293 4989; x_wconf 80' lang='lat' dir='ltr'>verba3</span> <span class='ocrx_word' id='word_1_259' title='bbox 1311 4898 1575 4993; x_wconf 70' lang='lat' dir='ltr'>Qamarimun&#39;t</span> 
     </span>
     <span class='ocr_line' id='line_1_38' title="bbox 523 4990 1575 5097; baseline 0 -23"><span class='ocrx_word' id='word_1_260' title='bbox 523 4990 729 5066; x_wconf 67' lang='lat' dir='ltr'>condreatur.</span> <span class='ocrx_word' id='word_1_261' title='bbox 758 4996 903 5074; x_wconf 78' lang='lat' dir='ltr'>Accedit</span> <span class='ocrx_word' id='word_1_262' title='bbox 928 4995 1123 5078; x_wconf 86' lang='lat' dir='ltr'>Decretum</span> <span class='ocrx_word' id='word_1_263' title='bbox 1142 4996 1293 5074; x_wconf 86' lang='lat' dir='ltr'>Concilii</span> <span class='ocrx_word' id='word_1_264' title='bbox 1316 4996 1575 5097; x_wconf 76' lang='lat' dir='ltr'>Burdigalenfia</span> 
     </span>
     <span class='ocr_line' id='line_1_39' title="bbox 525 5085 1575 5197; baseline 0.01 -32"><span class='ocrx_word' id='word_1_265' title='bbox 525 5085 630 5181; x_wconf 74' lang='lat'>1583·</span> <span class='ocrx_word' id='word_1_266' title='bbox 656 5117 732 5190; x_wconf 81' lang='lat' dir='ltr'>cap.</span> <span class='ocrx_word' id='word_1_267' title='bbox 754 5118 782 5181; x_wconf 83' lang='grc' dir='ltr'>ς.</span> <span class='ocrx_word' id='word_1_268' title='bbox 811 5152 867 5189; x_wconf 80' lang='grc'>,,,,</span> <span class='ocrx_word' id='word_1_269' title='bbox 896 5095 1112 5197; x_wconf 73' lang='lat' dir='ltr'>Celebmturi</span> <span class='ocrx_word' id='word_1_270' title='bbox 1139 5097 1370 5176; x_wconf 80' lang='lat' dir='ltr'>Sacerdotes,</span> <span class='ocrx_word' id='word_1_271' title='bbox 1391 5096 1575 5177; x_wconf 61' lang='lat' dir='ltr'>conicienss</span> 
     </span>
    </p>

    <p class='ocr_par' dir='ltr' id='par_1_10' title="bbox 275 5154 1573 5379">
     <span class='ocr_line' id='line_1_40' title="bbox 275 5154 1573 5379; baseline 0.012 -115"><span class='ocrx_word' id='word_1_272' title='bbox 275 5154 426 5379; x_wconf 42' lang='grc' dir='ltr'>ἢ</span> <span class='ocrx_word' id='word_1_273' title='bbox 520 5194 606 5285; x_wconf 73' lang='lat' dir='ltr'>tiam</span> <span class='ocrx_word' id='word_1_274' title='bbox 632 5192 726 5277; x_wconf 84' lang='lat' dir='ltr'>suam</span> <span class='ocrx_word' id='word_1_275' title='bbox 752 5198 851 5305; x_wconf 81' lang='lat' dir='ltr'>prins</span> <span class='ocrx_word' id='word_1_276' title='bbox 874 5197 1061 5310; x_wconf 81' lang='lat' dir='ltr'>diligenter</span> <span class='ocrx_word' id='word_1_277' title='bbox 1083 5199 1284 5291; x_wconf 79' lang='lat' dir='ltr'>excutiant,</span> <span class='ocrx_word' id='word_1_278' title='bbox 1306 5212 1414 5310; x_wconf 85' lang='lat' dir='ltr'>atque</span> <span class='ocrx_word' id='word_1_279' title='bbox 1435 5203 1573 5279; x_wconf 80' lang='lat' dir='ltr'>exami-</span> 
     </span>
    </p>

    <p class='ocr_par' dir='ltr' id='par_1_11' title="bbox 588 5300 1570 5390">
     <span class='ocr_line' id='line_1_41' title="bbox 588 5300 1570 5390; baseline 0.007 -19"><span class='ocrx_word' id='word_1_280' title='bbox 588 5362 592 5371; x_wconf 89' lang='lat'><strong>.</strong></span> <span class='ocrx_word' id='word_1_281' title='bbox 737 5312 745 5326; x_wconf 89' lang='lat'><strong>·</strong></span> <span class='ocrx_word' id='word_1_282' title='bbox 1170 5321 1172 5324; x_wconf 47' lang='lat'><em>⁴</em></span> <span class='ocrx_word' id='word_1_283' title='bbox 1353 5310 1358 5318; x_wconf 84' lang='grc'><em>·</em></span> <span class='ocrx_word' id='word_1_284' title='bbox 1405 5313 1516 5390; x_wconf 83' lang='lat' dir='ltr'>uerit,¹</span> <span class='ocrx_word' id='word_1_285' title='bbox 1560 5300 1570 5318; x_wconf 74' lang='lat'><strong><em>⁴</em></strong></span> 
     </span>
    </p>
   </div>
   <div class='ocr_carea' id='block_1_3' title="bbox 0 0 1950 6434">
    <p class='ocr_par' dir='ltr' id='par_1_12' title="bbox 0 0 1950 6434">
     <span class='ocr_line' id='line_1_42' title="bbox 0 0 1950 6434; baseline 0 4"><span class='ocrx_word' id='word_1_286' title='bbox 0 0 1950 6434; x_wconf 95' lang='lat' dir='ltr'> </span> 
     </span>
    </p>
   </div>
  </div>
 </body>
</html>
