3892 6434
518 930 589 1021 Dc
619 928 887 1020 Sacramento
915 922 1203 1018 Eucharistim'
1323 904 1438 1055 367Ι

353 1104 476 1205 gionis
508 1097 661 1193 officiis;
687 1122 768 1198 qun
792 1098 861 1174 late
884 1096 1028 1195 sumpto
1052 1099 1203 1176 nomine
1228 1095 1404 1180 Sacrificio

351 1217 609 1301 nuncupantur
627 1220 640 1290 ;
661 1203 781 1297 primo
800 1201 880 1296 quia
895 1198 1074 1295 Scriptura
1089 1199 1179 1275 sacra
1195 1221 1328 1275 nomen
1340 1200 1403 1276 Sa·

353 1303 562 1382 crificitnun
583 1302 722 1394 usurpat
741 1299 899 1376 absolute
918 1298 963 1372 ad
985 1297 1202 1375 Sacrificium
1226 1301 1294 1375 late
1312 1298 1406 1375 sum-

353 1424 457 1504 ptum
483 1398 779 1500 significandum
802 1397 858 1474 sed
881 1420 966 1473 cum
985 1398 1177 1493 adjuncto,
1201 1415 1240 1476 ut
1269 1393 1406 1485 Sacrifi-

351 1512 440 1575 cium
460 1503 590 1587 laudis,
610 1494 815 1585 Sacrificium
835 1495 994 1590 justitia,
1015 1496 1165 1576 Huliiam
1186 1495 1405 1590 uociferatio.
1486 1514 1489 1520 ’

353 1610 415 1680 nis.
445 1600 635 1687 Secundo,
660 1623 745 1678 cum
771 1603 819 1676 ait
841 1596 1050 1679 Dominus:
1075 1604 1198 1670 Munus
1226 1624 1287 1671 nun
1304 1598 1405 1687 fusci.

348 1709 442 1800 piam
464 1709 502 1772 de
521 1725 617 1771 manu
637 1698 744 1780 vestra
759 1729 773 1780 ,·
791 1702 826 1769 in
847 1702 935 1770 omni
950 1701 1019 1770 suco
1031 1695 1266 1788 fiacrificutur,
1286 1706 1328 1773 (a
1350 1694 1403 1788 of-

348 1802 465 1896 fertur
478 1805 603 1872 numini
620 1824 690 1871 mro
704 1795 825 1869 oblatio
846 1802 965 1870 munda
991 1825 1002 1892 ;
1027 1795 1163 1879 novum
1179 1801 1324 1902 aliquod
1341 1800 1403 1878 Sa.

353 1903 525 1983 crisicium
552 1899 734 1998 designat,
754 1900 854 1999 quod
882 1897 1118 1977 successurum
1145 1899 1188 1977 stt
1213 1899 1402 1998 judaicir3

354 2021 463 2099 atque
487 2003 670 2095 spiritualia
696 1998 869 2076 Sacrificia
890 1997 990 2076 luisse
1013 2005 1118 2078 etiarn
1141 2024 1160 2077 a
1180 1996 1311 2099 Judaeir
1334 2002 1403 2076 sre-

353 2116 547 2203 quentata,
569 2104 715 2176 minime
737 2100 885 2176 dubium
908 2100 966 2175 est.
999 2100 1103 2177 Aliud
1130 2116 1337 2178 autemnon
1353 2099 1404 2180 est

352 2208 388 2280 iu
412 2225 511 2278 novo
533 2198 763 2276 Testamento
777 2198 993 2278 Sacrificium
1012 2216 1226 2281 externum,
1269 2201 1342 2278 uod
1363 2204 1402 2278 in

353 2307 454 2380 omni
485 2303 571 2378 loco
593 2325 611 2375 a
633 2300 713 2376 solis
741 2317 824 2376 ortu
853 2299 1022 2399 usquead
1044 2302 1209 2378 occasum
1276 2324 1320 2377 eo
1347 2298 1405 2378 oi-

351 2404 508 2486 seratur.
539 2416 664 2499 prarter
689 2400 906 2478 Sacrificium
938 2399 1134 2496 Corporis,
1152 2403 1189 2477 ἃ
1214 2399 1404 2500 Sanguinis

352 2503 480 2581 Christi
501 2504 536 2576 in
564 2499 797 2582 Eucharistia,
816 2499 918 2599 quod
941 2501 976 2576 ἃ
1003 2498 1160 2579 Christus
1181 2503 1218 2576 in
1240 2502 1404 2599 suprema

352 2602 470 2707 Coena
487 2599 642 2684 obtulit,
659 2602 694 2674 δι
717 2602 752 2673 in
771 2598 821 2675 sui
840 2605 1223 2677 commemorationem
1244 2604 1288 2677 ab
1303 2605 1404 2699 Apu·
1448 2655 1451 2659 -

352 2704 472 2779 stolis,
489 2702 525 2774 δι
545 2721 672 2775 eorum
693 2695 1233 2778 Succeffortbusfienmandavit
1253 2700 1306 2776 his
1323 2724 1401 2777 rer-

353 2807 427 2878 bis:
454 2805 527 2870 Huc
543 2796 648 2888 facite
660 2804 695 2869 in
712 2821 815 2869 meam
826 2803 1171 2872 commemorationem.
1198 2799 1294 2896 splot
1313 2804 1400 2877 novi
1413 2803 1482 2872 buc.
1499 2821 1551 2886 nn·
1572 2864 1574 2869 ,

354 2901 570 2978 Testamenti
606 2898 823 2976 constituam
850 2897 1088 2990 Sacerdotem
1114 2957 1136 2992 „
1168 2898 1230 2976 Uti
1266 2898 1400 2998 semper
1413 2885 1532 3026 &siffis

354 3000 568 3099 „catholica
592 2996 743 3076 Ecclesia
766 2999 959 3084 intellexit,
983 3002 1019 3075 δι
1045 3001 1195 3078 docuitx
1222 2997 1310 3090 Haec
1330 3024 1401 3078 una
1442 2979 1455 3020 r

353 3104 532 3195 „oblatio
558 3099 627 3181 est,
649 3121 728 3197 quae
753 3098 846 3175 nulla
865 3098 1097 3195 indignitate,
1114 3113 1176 3177 aut
1195 3100 1323 3174 malitia
1346 3099 1403 3175 os·

354 3203 588 3293 „serentium
618 3201 796 3297 inquinari
824 3199 940 3296 potest
963 3244 997 3291 „·
1031 3197 1158 3276 Tertio
1184 3197 1402 3278 Sacrificium

353 3325 373 3376 a
409 3303 573 3369 Malachia
600 3299 829 3396 prodicium,
845 3296 977 3374 visibile
996 3300 1070 3381 est,
1088 3298 1190 3399 quale
1210 3297 1403 3378 hominum

354 3418 477 3477 natura
503 3403 640 3498 exigit,
662 3399 825 3496 adeoque
846 3423 865 3475 a
890 3397 1122 3493 spiritualibus
1143 3397 1324 3476 Sacrificio
1349 3399 1405 3474 di·

354 3501 529 3577 stinctum·
565 3499 624 3576 De
656 3498 837 3576 Sacrificio
865 3495 1086 3576 Eucharistiae
1116 3498 1200 3576 illud
1227 3498 1403 3570 Malacam

355 3600 556 3677 Oraculum
584 3599 833 3676 intellexerunt
857 3607 889 3674 S.
904 3597 1065 3688 puniam
1086 3597 1227 3701 Martyr
1242 3601 1288 3675 ‘in
1310 3596 1414 3676 oa..

309 3764 312 3776 .
354 3701 444 3796 logo
463 3723 547 3776 cum
565 3695 792 3795 Tryphone,
815 3705 848 3768 S.
862 3703 1001 3768 Ircnaeus
1024 3700 1084 3776 lib.
1093 3721 1129 3792 4·
1152 3725 1230 3796 cap.
1246 3716 1302 3788 3¹·
1333 3703 1401 3768 Eu.

356 3799 458 3885 sebius
476 3797 655 3884 rusurensis
676 3796 734 3872 lib.
754 3819 784 3869 1.
807 3793 1131 3875 Demonstrationis
1156 3798 1397 3896 Evangelia.

355 3922 430 3993 cap.
453 3916 511 3969 10.
532 3905 562 3972 S.
575 3899 682 3986 Joan.
693 3894 847 3986 Chrysali.
868 3902 904 3973 in
921 3896 973 3978 Ps.
990 3919 1051 3987 95·
1071 3905 1104 3980 S.
1119 3896 1253 3993 August.
1270 3890 1401 3974 111Μί

355 4006 393 4066 ae
416 4000 519 4069 (ivn.
535 3999 624 4083 Dei.
647 4018 724 4091 cap.
742 4015 800 4087 35.
819 3996 1095 4072 &Theodoreus
1117 4001 1154 4076 in
1173 4021 1297 4096 capr.
1321 4004 1400 4070 Ma.

354 4099 474 4172 lacsisae.
812 4096 816 4109 “

406 4197 466 4273 llla
490 4194 582 4292 tigni
600 4194 814 4272 immaculati
832 4197 1015 4274 incruenta
1034 4193 1207 4281 oblatio,
1223 4217 1287 4292 prr
1305 4186 1400 4293 rigni

355 4297 521 4392 paschalis
534 4295 817 4372 immolationem
837 4294 914 4372 filiis
937 4294 1036 4373 lsrael
1058 4302 1092 4372 in
1115 4295 1248 4374 Exodo
1269 4318 1401 4391 praece·

355 4417 452 4496 ptam
478 4395 625 4493 figurata
646 4397 722 4476 esti
744 4397 779 4470 δι
805 4411 905 4472 vetus
928 4397 984 4472 illa
1008 4397 1120 4493 figura
1145 4399 1287 4490 impleta
1308 4395 1398 4472 esta

355 4497 523 4578 Christo,
540 4518 624 4571 com
652 4515 707 4584 14.
730 4495 788 4568 die
808 4499 912 4593 primi
936 4495 1068 4572 Mensis
1089 4494 1133 4571 ad
1158 4496 1332 4593 vesperam
1349 4495 1399 4568 se·
1519 4505 1521 4509 ’

354 4598 468 4692 ipsum
493 4594 553 4670 sub
575 4593 678 4688 fignis
698 4592 887 4671 visibilibus
910 4595 999 4672 Patri
1019 4596 1220 4682 obtulit‚&
1245 4594 1400 4691 Apollo·

356 4697 397 4773 lis
422 4697 709 4769 manducandum
723 4696 893 4790 praebust,
912 4697 1114 4795 jugiterque
1137 4696 1169 4771 se
1183 4695 1311 4770 eodem
1328 4697 1407 4772 nur
1546 4716 1550 4725 ·

355 4797 603 4874 offerendum,
625 4808 733 4892 atque
745 4794 1010 4871 comedendum
1028 4797 1175 4872 instituit
1194 4799 1229 4869 in
1252 4817 1318 4871 ona
1332 4800 1401 4868 do»

354 4920 448 4983 mu,
468 4895 591 4985 idest,
610 4894 646 4970 ia
677 4890 907 4979 accremari
931 4899 1141 4973 memoriam
1167 4893 1327 4973 tranfitm
1350 4891 1368 4966 s
1389 4893 1399 4910 ⁰

794 5048 796 5052 »
1305 5014 1352 5068 ax
