3892 6434
450 1215 456 1229 ¹
618 1262 719 1336 1121
779 1240 936 1353 Tlreul.
974 1166 1515 1365 Dog.n'n101o.ntb.11.

541 1480 543 1485 .
666 1391 737 1490 Pro
757 1410 900 1495 Viatico
913 1417 1140 1506 ministrabit,
1160 1441 1243 1496 cunr
1265 1418 1449 1518 probabile
1468 1421 1537 1509 est,
1557 1406 1681 1522 qood,

598 1538 696 1609 ‘eam
718 1518 869 1612 amplius
897 1519 1032 1613 sumere
1057 1542 1133 1617 non
1163 1523 1321 1616 poterit;
1352 1522 1490 1597 cavebit
1509 1545 1659 1607 autem,

549 1650 551 1654 ⁴
617 1639 664 1690 ne
688 1619 736 1691 itu
760 1619 967 1705 condietur,
988 1636 1030 1694 ut
1051 1618 1248 1712 periculum
1268 1621 1370 1699 adeat
1391 1638 1549 1716 aegrotus
1578 1646 1660 1702 mo·

616 1718 730 1791 ciendi
758 1719 880 1812 prius,
905 1733 1012 1818 quam
1040 1719 1162 1796 sumat.
1559 1790 1561 1795 ,

598 1884 601 1891 .
624 1907 627 1910 ,
664 1812 760 1892 Cum
778 1834 961 1912 praeterea,
978 1819 1207 1917 posteaquam
1221 1814 1423 1902 Viaticum‚
1437 1816 1660 1898 Extremam·

614 1937 687 2013 que
708 1916 812 1991 etiarn
835 1914 1048 1995 Unilionenr
1066 1942 1159 2016 aeger
1174 1915 1342 2015 suscepit,
1365 1919 1502 2019 aliquot
1514 1920 1621 1997 diesi
1642 1966 1661 1986 ·

530 2032 532 2035 ’
614 2015 743 2112 periles
768 2013 829 2091 sibi
855 2015 891 2098 S.
907 2015 1215 2096 Communionem
1239 2018 1426 2095 ministrari
1443 2023 1555 2115 petit,
1581 2022 1659 2116 ejus

613 2119 677 2215 pio
704 2111 876 2191 desiderio
907 2116 1089 2196 Patochus
1114 2143 1189 2196 non
1211 2120 1346 2211 deerit3
1370 2121 1427 2195 led
1448 2142 1514 2215 pro
1543 2116 1659 2195 Viati-

613 2239 661 2293 co
681 2212 774 2290 illam
803 2218 933 2294 iterum
958 2223 996 2295 in
1018 2218 1150 2296 eodem
1173 2222 1304 2296 morbo
1328 2241 1403 2294 non
1428 2221 1658 2306 ministrabit,

610 2311 892 2490 nifidpericulom
904 2321 1032 2401 mortis
1046 2319 1246 2416 polineio,
1271 2316 1459 2395 veldecenr
1475 2319 1547 2394 dies
1561 2319 1659 2398 idem

608 2437 658 2514 pe
689 2431 867 2503 everaret,
888 2434 950 2497 aut
968 2422 1117 2498 morbus
1139 2419 1538 2520 paullisperiururinutus
1559 2422 1660 2494 dein.

610 2515 657 2594 de
678 2514 903 2611 ingravescat.
958 2549 960 2553 ·
1448 2594 1452 2599 .

663 2612 810 2693 Praelato
837 2615 984 2714 alicujus
1010 2613 1192 2706 Ecclefiae,
1209 2619 1272 2716 qui
1299 2619 1336 2693 in
1362 2615 1454 2694 ledo
1479 2633 1657 2717 aegrotans

608 2712 883 2816 frequentillrore
904 2719 938 2795 S.
954 2714 1179 2796 Eucharistiae
1194 2718 1326 2814 pabulo
1346 2713 1535 2795 salutariter
1552 2716 1585 2793 le
1599 2741 1657 2794 re·

612 2813 729 2898 ficiet,
751 2840 848 2900 earn,
869 2817 905 2894 de
926 2838 1010 2894 cum
1026 2818 1142 2913 primrl
1160 2819 1463 2917 aegrotatione,&
1484 2839 1567 2894 cunr
1586 2840 1655 2912 pro

603 2911 756 2994 ‘Viarico
777 2917 890 2992 lirmet
908 2961 916 2990 ‚
936 2918 1128 3018 Sacerdos,
1146 2924 1207 3016 qui
1229 2918 1309 3016 post
1330 2916 1427 2993 illurn
1448 2919 1488 2993 in
1504 2916 1573 3015 ipsa
1587 2915 1656 2999 Ec-

612 3013 713 3092 clelia
740 3018 937 3114 primariam
963 3015 1196 3113 dignitatem,
1221 3020 1387 3093 locumve
1406 3019 1568 3102 obtinet,
1592 3016 1656 3113 de·

610 3116 721 3200 feret,
749 3140 791 3192 ac
822 3117 1054 3202 ministrabit,
1084 3116 1244 3194 universo
1271 3119 1378 3193 Clero
1408 3115 1561 3211 ejusdem
1586 3115 1656 3211 Ec-

611 3214 721 3292 clefiae
744 3215 999 3315 prosequente,
1021 3217 1057 3295 ta
1079 3217 1242 3293 societate
1270 3220 1375 3292 etiam
1398 3216 1458 3292 SS·
1479 3218 1654 3312 Corporis

545 3389 548 3392 .
608 3310 775 3394 Domini.
805 3316 840 3391 Si
862 3341 946 3392 vero
969 3317 1090 3414 saepius
1109 3318 1174 3398 lac.
1188 3318 1495 3394 communionem
1515 3318 1655 3400 tornet,

610 3414 696 3491 alius
721 3415 865 3492 inferior
882 3414 1090 3509 Sacerdos,
1109 3417 1172 3492 ·vel
1206 3415 1384 3492 Parochus
1417 3415 1622 3492 ministrabit
1642 3458 1656 3497 2

473 3517 480 3524 “
608 3515 775 3593 societate
806 3519 1061 3592 tantummodo
1079 3514 1253 3612 Corporis
1272 3515 1423 3592 Domini
1444 3519 1654 3615 comitante.

606 3616 695 3694 Aliis
720 3614 969 3690 Sacerdotibus
992 3615 1118 3691 eodem
1142 3618 1254 3690 modo
1275 3615 1470 3700 deferetur,
1496 3615 1652 3709 ejuldeur

609 3715 756 3792 ordinis·
773 3712 892 3791 saltem
917 3715 1192 3801 Sacerdotibus,
1213 3714 1353 3813 aliisque
1378 3717 1510 3794 clericis
1536 3721 1654 3794 coori-

559 3883 578 3902 ,,
604 3815 772 3894 tantibus.
1014 3874 1021 3886 s

657 3913 852 4012 AEgrotus,
872 3910 897 3987 fi
918 3936 980 4010 per
1005 3911 1242 3989 valetudinem
1266 3910 1403 4009 potest,
1429 3936 1449 3987 e
1469 3913 1560 3992 ledo
1578 3915 1653 3994 sur.

606 4030 690 4113 get3
715 4016 915 4110 decoreque
942 4013 1111 4102 vestitus;
1136 4016 1172 4090 δι
1194 4012 1284 4089 fielr
1308 4012 1505 4101 Sacerdos,
1532 4016 1652 4115 super.

600 4114 757 4292 pelliceo
774 4167 785 4202 ,
805 4114 963 4211 stolaque
985 4115 1151 4202 indutus,
1171 4116 1321 4214 genibus
1338 4110 1438 4188 flexis
1457 4119 1542 4202 erit,
1560 4124 1650 4195 dum

620 4229 729 4293 umet.

656 4311 757 4392 Faoa
776 4311 1066 4398 Communione,
1087 4312 1257 4412 Sacerdos
1287 4310 1451 4420 hortetur
1469 4319 1670 4408 agrotum'

604 4415 649 4490 ad
677 4413 787 4491 sande
811 4415 1078 4498 meditandum,
1102 4417 1137 4488 de
1159 4415 1203 4489 ad
1227 4416 1356 4508 gratias
1382 4410 1462 4489 Deo
1493 4414 1648 4509 agendas

467 4580 475 4589 .
603 4513 649 4609 de
665 4532 765 4590 tanto
779 4513 972 4600 beneficio,
987 4532 1201 4611 moneatque
1212 4512 1426 4589 domesticos
1441 4515 1649 4610 ,quinegio-

604 4615 634 4689 ti
654 4639 774 4692 curam
799 4614 952 4695 habent,
970 4637 1015 4688 ne
1037 4637 1098 4708 per
1118 4613 1296 4687 dimidiato
1320 4613 1438 4687 saltern
1457 4611 1583 4687 horam
1606 4613 1649 4688 il·

602 4707 679 4807 lum
703 4713 830 4790 vilitati
851 4714 1074 4809 permittant,
1100 4736 1180 4789 nea
1200 4735 1347 4789 munere
1357 4715 1548 4808 gratiarum
1559 4709 1647 4792 Deo

602 4815 822 4908 agendarum
849 4830 1034 4889 avertatur·
1243 4858 1249 4870 ·
1585 4896 1592 4904 ,

653 4908 721 4989 Hae
749 4911 895 5011 Regulae
921 4913 964 4988 de
996 4912 1224 4989 Sacranrento
1252 4904 1473 4986 Eucharistiae
1501 4911 1647 5007 aegrotis

554 5023 559 5032 ’
602 5008 878 5088 administrando
915 5010 1063 5108 sumptae
1091 5011 1168 5086 lunt
1191 5033 1237 5085 ex
1269 5032 1346 5105 cap.
1385 5018 1494 5098 Sane,
1521 5010 1647 5112 Extra.

601 5111 648 5194 de'v
663 5118 885 5180 celebratione
908 5110 1081 5200 Miffarum
1102 5165 1113 5195 ,
1137 5108 1236 5201 quod
1259 5110 1308 5184 est
1338 5114 1481 5180 Hortarii
1498 5116 1568 5190 III,
1587 5110 1647 5189 ΕΧ

601 5203 892 5293 Instrutlionibus
920 5216 954 5286 S.
969 5211 1079 5287 Caroli
1100 5209 1145 5292 de
1166 5206 1373 5290 Vilitatione
1388 5204 1646 5298 lrrfirmorunr.

1543 5333 1593 5390 CX
