3892 6434
325 715 1702 1037 ψ

521 1370 526 1377 .
613 1292 699 1388 496
755 1302 764 1331 ·‘
779 1269 936 1367 Theol
975 1248 1517 1387 Dog.&urora1.Lib.ll

523 1516 526 1521 ,
614 1450 747 1528 ilibus,
776 1447 1017 1537 ornamentis,
1039 1445 1127 1525 nafis
1150 1446 1280 1525 sacris,
1303 1446 1481 1525 Altaribus
1500 1482 1516 1534 ‚2
1531 1448 1575 1526 dt
1599 1456 1669 1537 En.

421 1612 529 1683 M
550 1616 571 1677 6
616 1547 726 1625 cledis
748 1547 870 1624 adtexi
890 1547 1043 1634 solunt,
1064 1564 1125 1625 aut
1147 1549 1294 1647 appingi
1308 1591 1317 1623 ι
1332 1566 1372 1626 ιιι
1391 1571 1522 1627 eorum
1547 1558 1667 1633 muni-

571 1658 581 1678 ’
617 1647 757 1725 licentia
783 1647 1007 1736 innotescat,
1039 1670 1120 1727 vere
1144 1649 1220 1724 ait:
1253 1652 1454 1740 deceperunt
1485 1668 1666 1725 mercem

610 1746 713 1838 suam.
752 1746 898 1824 lnanem
922 1767 1034 1844 porro
1057 1769 1185 1825 eorum
1213 1747 1477 1825 excusationem
1506 1748 1583 1828 elle
1604 1753 1668 1831 do·

616 1863 698 1933 cet.
722 1847 840 1941 quiid
862 1871 977 1925 unum
1000 1847 1032 1924 le
1051 1867 1207 1946 quaerere
1226 1846 1462 1946 profitentur,
1484 1867 1529 1928 ut
1546 1875 1617 1947 pro
1630 1853 1666 1929 il·

450 2020 453 2027 ,
615 1948 657 2025 lis
676 1963 820 2032 oretur,
839 1945 941 2045 quod
959 1971 1087 2025 eorum
1107 1944 1252 2043 inlignia
1267 1957 1475 2040 monent·'„
1487 2004 1511 2042 „
1543 1950 1665 2030 lllulto

616 2053 713 2125 enim
747 2040 926 2141 (inquit)
950 2047 1072 2125 utilior
1100 2050 1148 2123 eis
1171 2048 1265 2124 l'oret
1297 2046 1524 2148 eleemosyna
1552 2051 1664 2151 aliqur

617 2170 749 2245 parva,
776 2143 838 2223 soli
863 2144 948 2224 Deo
970 2150 1007 2223 in
1030 2144 1107 2224 sinu
1123 2145 1212 2225 illius
1235 2146 1373 2233 oblata,
1396 2148 1434 2223 ἃ
1457 2149 1663 2230 abscondita

614 2247 757 2425 llll
774 2244 1662 2446 “luillllullmplrlltlllsirltlft

615 2451 709 2526 tibus
721 2471 733 2540 ;
757 2444 857 2522 facile
878 2450 973 2522 enim
1000 2445 1174 2543 supplebit
1195 2446 1315 2525 Deus,
1332 2446 1515 2547 quidquid
1540 2473 1660 2529 ornnes

615 2570 717 2624 orare
738 2540 941 2641 pollent‚lr
964 2547 1060 2623 bona
1080 2545 1137 2624 lua
1157 2569 1265 2645 opera
1283 2546 1331 2623 illi
1353 2545 1419 2623 soli
1439 2549 1658 2650 relinquere,

615 2643 914 2746 eiqueoonfidere
928 2661 1067 2727 curent.
1098 2645 1180 2722 Sola
1192 2669 1346 2745 namque
1365 2648 1599 2749 eleemosyna
1611 2674 1657 2727 re·

614 2745 771 2841 signata,
789 2767 832 2823 ac
870 2768 959 2843 pura
988 2744 1091 2823 lolius
1118 2744 1308 2823 divinitatis
1336 2752 1550 2827 intentione
1580 2748 1657 2829 uua

612 2845 694 2945 plus
717 2858 815 2922 orat,
830 2867 938 2945 quam
959 2845 1165 2931 omnes,ad
1183 2869 1340 2945 quorum
1353 2848 1525 2925 notitiam
1547 2872 1658 2948 perre-

612 2949 690 3022 nire
711 2941 857 3040 pollet,
887 2968 990 3021 orare
1013 2940 1153 3039 pollent
1183 3002 1205 3037 ,‚
1223 2991 1258 3037 „.
1284 2944 1358 3038 Qui
1382 2948 1497 3042 igitur
1528 2972 1570 3026 ea
1592 2949 1658 3047 lege

612 3060 820 3125 ornamenta
842 3098 853 3131 ,
874 3043 930 3119 vel
949 3044 1074 3121 calices
1105 3043 1263 3121 Eccleliis
1288 3044 1470 3123 offerunt,
1488 3069 1557 3126 aut
1577 3047 1657 3147 Cap·

472 3219 480 3237 ,
612 3144 742 3243 pellas,
766 3145 822 3220 vel
846 3141 1013 3222 Ecclesiae
1034 3146 1200 3242 erigunt,
1219 3163 1258 3221 ut
1280 3149 1315 3221 in
1339 3148 1380 3220 iis
1399 3150 1585 3242 gentilitia
1607 3171 1658 3223 eo·

610 3267 693 3321 tum
718 3243 898 3320 stemmata
921 3243 1113 3342 effulgeant
1127 3294 1137 3327 ,
1152 3243 1278 3341 seipsos
1300 3261 1467 3343 quarunt
1487 3301 1500 3332 ,
1520 3251 1559 3324 u
1586 3246 1653 3327 cu.

610 3366 700 3420 nuru
722 3346 905 3420 imitantur
922 3392 933 3427 ,
948 3350 1010 3440 qui
1025 3368 1110 3420 cunr
1129 3368 1264 3439 pauca,
1283 3369 1394 3442 eaque
1418 3345 1602 3426 deteriora
1618 3364 1655 3423 er

610 3443 717 3521 bonis
738 3443 802 3520 suis
827 3442 911 3521 Deo
933 3466 1080 3521 munera
1108 3438 1279 3520 offerret:
1303 3458 1339 3512 se
1361 3443 1466 3537 ipsum
1489 3444 1561 3535 fibi
1582 3454 1654 3519 ren.

612 3548 697 3614 nuit.
719 3542 970 3638 Quamobrem
986 3568 1068 3620 eum
1084 3544 1175 3621 rede
1198 3540 1387 3627 obtulisse,
1404 3544 1464 3621 sed
1483 3548 1656 3625 nonrede

435 3629 542 3728 ¹2le
560 3635 598 3701 <¹⁰
612 3641 777 3729 divisile,
795 3647 843 3720 ait
864 3645 1052 3739 Scriptura.
1079 3700 1134 3736 ,‚„
1161 3642 1255 3720 Nam
1274 3644 1390 3741 liquis
1414 3646 1586 3725 debitum
1600 3646 1656 3725 lol-
1700 3700 1702 3739 ;

414 3711 579 3854 iffi}
612 3759 697 3830 vat,
721 3744 740 3838 (
749 3745 859 3836 inquit
877 3748 909 3813 S.
926 3741 1070 3830 Amlr.)
1097 3745 1132 3817 dr
1152 3747 1187 3819 in
1207 3743 1391 3819 referendo
1410 3746 1587 3840 injuriam
1616 3748 1655 3824 lr-

567 3834 577 3862 '
611 3848 681 3920 ciat
701 3842 890 3921 creditori,
917 3842 1169 3919 intolerabilius
1196 3844 1245 3919 ell
1269 3846 1391 3942 utique
1413 3898 1425 3929 .
1448 3868 1567 3942 quarn
1590 3868 1655 3924 nou

609 3939 815 4027 reddidisse,
839 3941 939 4040 quod
956 3942 1120 4024 debebat.
1148 3935 1235 4019 Non
1259 3966 1347 4038 ergo
1365 3949 1553 4042 quantitas
1575 3946 1654 4024 solu·

610 4046 742 4121 tionis,
761 4042 819 4117 led
839 4044 978 4118 animus
1002 4043 1203 4128 reddentis,
1225 4044 1260 4117 δι
1284 4042 1432 4139 qualitas
1457 4045 1651 4124 considera·

611 4156 692 4228 tur,
708 4142 744 4217 dt
763 4140 918 4217 affectus.
946 4139 1055 4218 Rede
1077 4144 1183 4240 igitur
1203 4140 1291 4220 Cain
1308 4142 1467 4231 obtulit,
1491 4152 1580 4244 quia
1599 4147 1653 4223 ob·
1686 4166 1690 4185 ·

611 4241 698 4319 latio
717 4240 852 4339 insigne
870 4244 1101 4327 devotionis,
1120 4243 1157 4317 ἃ
1180 4243 1350 4319 indicium
1369 4247 1573 4340 gratiarum
1596 4246 1654 4325 elll

610 4340 669 4418 fed
694 4362 768 4417 non
794 4339 1042 4427 relledivifit.
1069 4344 1149 4434 quia
1179 4357 1260 4418 ante
1285 4347 1407 4418 omnia
1426 4340 1520 4422 Deo
1542 4346 1652 4424 debuit

610 4440 745 4518 deferre
757 4444 946 4539 primitias,
971 4457 1043 4518 uta
1066 4442 1176 4536 gratia
1191 4439 1375 4517 inchoaret
1392 4444 1579 4523 Auctoris
1605 4443 1652 4523 Et·

610 4543 706 4617 enirn
736 4540 914 4617 divisionis
938 4541 999 4617 hic
1034 4541 1128 4617 ordo
1157 4541 1231 4627 est,
1254 4555 1294 4617 ut
1329 4543 1444 4636 prima
1479 4542 1650 4630 secundis.

608 4662 685 4718 non
700 4643 819 4737 primis
838 4639 987 4717 secunda
1007 4657 1242 4735 praecurrant,
1266 4641 1302 4714 u
1316 4638 1475 4718 coelestia
1495 4647 1650 4725 terrenis.

607 4763 684 4817 non
702 4754 836 4816 terrena
857 4739 1057 4816 coelestibus
1080 4738 1305 4834 praeferantur
1324 4795 1388 4831 „‚,.
1422 4742 1592 4824 Terrena
1605 4766 1652 4824 au·

604 4853 681 4916 tem
699 4837 898 4917 coelestibus
914 4837 1127 4938 praeierunt,
1150 4840 1186 4913 &
1209 4835 1293 4914 Deo
1317 4840 1489 4931 injuriam
1503 4843 1651 4929 faciunt.

603 4944 664 5016 cui
685 4938 841 5017 offerunt
865 4961 1034 5029 munera,
1058 4941 1123 5013 viri
1143 4937 1339 5015 &faenrinae
1358 4943 1531 5033 nobiles,
1557 4948 1595 5023 dt
1610 4946 1651 5021 dl·

603 5042 712 5119 vites,
730 5062 813 5117 curn
832 5039 1003 5133 gentilitia
1017 5036 1074 5115 sua
1093 5039 1295 5124 stemmata,
1313 5041 1349 5113 dt
1368 5038 1527 5140 infignia
1541 5048 1580 5123 in
1597 5046 1651 5127 c»

603 5135 683 5212 lulis
704 5136 935 5214 Sacerdotum
963 5193 974 5220 ‚
996 5142 1215 5213 ornamentis
1241 5140 1435 5229 Altariunr.
1462 5139 1572 5222 sacris
1607 5166 1651 5224 er·

602 5233 750 5326 licibus,
772 5238 852 5336 ipfis
876 5240 1077 5327 rlltaribus,
1094 5240 1131 5316 dt
1157 5235 1315 5317 Ecclefiis
1328 5290 1340 5328 ,
1363 5243 1509 5335 intexi,
1539 5242 1651 5325 insed-

1544 5350 1615 5452 pi·
