3892 6434
500 916 585 1036 'De
605 911 886 1040 ·''Sacnrnent0
915 938 1205 1049 Eucharlsiim..
1303 944 1410 1052 361³·

347 1090 470 1197 ficium
501 1115 681 1217 ,quaestio
704 1114 754 1192 est
771 1117 861 1193 inter
883 1113 1119 1204 catholicos,
1143 1116 1179 1192 da
1201 1111 1400 1196 Haereticos

348 1218 457 1294 nostri
480 1233 551 1313 tem
582 1224 676 1303 orie,
696 1212 921 1297 lutheranos
947 1218 1104 1303 scilicet,
1131 1219 1167 1292 da
1194 1215 1402 1297 calvinistae

312 1358 315 1363 ·
348 1242 601 1411 controverss3
617 1318 662 1393 de
682 1340 775 1417 qua,
797 1333 838 1401 ut
863 1314 1027 1409 Ecclefiae
1048 1315 1268 1407 dodrinam,
1297 1320 1334 1396 &
1359 1316 1404 1401 fi-

347 1419 431 1507 dem
460 1440 694 1513 exponamus,
1477 1453 1482 1464 ·

400 1516 671 1596 Observandum
702 1515 779 1599 eli,
804 1516 1020 1598 Sacrificium
1050 1543 1097 1597 ex
1125 1542 1171 1595 eo
1201 1530 1399 1607 vocatum.
1449 1499 1599 1597 &9⁰⁸⁵

349 1619 451 1714 quod
469 1616 584 1694 homo
601 1618 706 1704 iacit,
724 1618 855 1715 aliquid
875 1618 1030 1706 lacrum,
1051 1621 1107 1697 vel
1124 1620 1341 1718 generatim,
1362 1619 1399 1695 tt
1416 1580 1601 1729 {mim

348 1721 546 1816 improprie
567 1718 675 1812 iumi3
694 1720 749 1797 vel
771 1720 909 1806 striiie,
929 1719 966 1793 da
988 1723 1144 1820 proprie.
1172 1716 1293 1794 Primo
1318 1740 1400 1799 mo·
1416 1732 1576 1823 improprie

349 1819 403 1908 do
420 1843 530 1894 omne
553 1820 691 1896 bonum
713 1842 804 1917 opus
828 1836 977 1918 propter
997 1817 1065 1899 Dei
1091 1820 1243 1915 gloriam
1258 1817 1401 1894 lodium
1416 1809 1535 1890 fumun·

350 1918 569 2006 Sacrificium
586 1919 646 1999 est.
675 1916 772 2003 Hinc
783 1917 878 2005 Eccl.
893 1939 952 2010 35.
975 1939 1008 1999 2.
1027 1921 1176 1999 dicitutr
1195 1913 1403 2018 Sacrificium

344 2017 491 2107 salutare
519 2017 561 2099 cli
593 2024 760 2090 attendere
782 2024 971 2096 mundatior
995 2019 1220 2108 &discedere
1241 2013 1283 2088 ab
1314 2017 1404 2093 omui

349 2120 541 2214 iniquitate.
554 2169 584 2201 ,.
613 2120 680 2209 Et,
702 2123 759 2216 qui
772 2117 859 2210 fucit
876 2121 1152 2209 misericordiam,
1171 2112 1268 2211 offert
1294 2122 1405 2188 Satri·

346 2214 474 2310 ficium.
497 2218 592 2297 Hinc
605 2227 638 2307 S,
650 2216 783 2313 August·
798 2222 856 2298 lib.
873 2241 925 2297 ιο.
952 2227 991 2291 de
1004 2222 1153 2293 civitate
1165 2220 1256 2297 Dei,
1271 2239 1346 2317 cap.
1365 2211 1405 2289 6·
1481 2232 1484 2239 '
1596 2220 1602 2232 '

350 2377 374 2414 ‚,
393 2377 415 2413 ,‚
441 2318 579 2405 Verum
604 2317 822 2398 Sacrificium
855 2323 1024 2421 (inquit)
1053 2323 1102 2398 est
1141 2343 1252 2398 omne
1286 2341 1404 2412 opus»

351 2420 455 2520 quod
480 2424 596 2519 agitur
611 2465 622 2497 2
639 2436 680 2500 ut
702 2421 812 2500 sanila
841 2421 1007 2502 societate
1034 2424 1265 2501 inhaereamus
1288 2416 1399 2504 Deo.

350 2519 648 2599 relatum-scilicet
671 2523 716 2598 ad
740 2523 839 2600 illum
862 2521 970 2598 linem
992 2524 1102 2605 boni,
1122 2544 1198 2621 quo
1231 2522 1402 2597 veraciter

351 2621 443 2696 beati
464 2617 531 2696 elle
556 2620 737 2718 possimun
768 2621 877 2707 Unde
899 2626 935 2715 aa
958 2622 1028 2717 ipsa
1044 2620 1309 2706 misericordia,
1328 2638 1399 2718 qua

351 2718 492 2797 homini
511 2721 734 2799 subvenitur,
752 2722 938 2821 stpropter
950 2721 1072 2799 Deum
1091 2745 1165 2797 non
1180 2720 1240 2806 rit,
1260 2716 1401 2796 nonest

353 2819 584 2901 Sacrificium.
615 2821 681 2898 leti
705 2826 799 2901 eninr
822 2824 865 2902 ab
886 2822 1036 2901 homine
1057 2819 1098 2897 lit
1118 2819 1199 2906 ,vel
1224 2818 1398 2901 offertur.
1442 2842 1449 2916 '.

352 2937 473 3007 tamen
493 2916 711 3008 Sacrificium
732 2946 784 2997 res
805 2922 923 2999 divina
947 2921 1052 3005 estsq
1077 2919 1183 2997 Unde
1199 2918 1269 3015 ipse
1282 2916 1400 2992 horno
1423 3006 1425 3011 ¹
1539 3000 1542 3006 ,
1587 2992 1592 3003 ,

352 3017 425 3098 Dei
445 3023 592 3103 nomine
612 3021 857 3106 consecratus,
877 3020 1011 3099 &Deo
1024 3036 1155 3106 votus,
1175 3022 1401 3119 inquantum

352 3122 493 3197 mundo
524 3123 706 3204 moritur,
731 3136 772 3198 ut
792 3119 877 3198 Deo
899 3123 1024 3200 vivat»
1047 3118 1265 3198 Sacrificium
1287 3117 1397 3200 eli..-

353 3219 498 3319 Corpus
517 3228 622 3296 etiam
648 3221 834 3300 nostrum,
856 3242 939 3319 cum
961 3244 1025 3319 per
1050 3221 1320 3315 temperantiam
1343 3238 1402 3291 ca-

353 3321 544 3418 stigamus,
566 3321 591 3396 ii
609 3321 703 3407 hoc,
719 3319 1028 3423 quemadmodum
1044 3322 1216 3433 debeptus
1231 3364 1240 3396 ›
1254 3336 1403 3419 propter

314 3422 319 3435 '
354 3416 475 3507 Deum
499 3419 646 3497 facimus
661 3471 671 3503 ‚
686 3442 725 3500 ut
748 3446 822 3497 non
852 3420 1083 3498 exhibeamus
1105 3422 1262 3495 membra
1285 3418 1414 3492 nolite-

354 3543 449 3623 arma
471 3523 662 3619 iniquitatis
683 3537 832 3613 peccato
847 3573 858 3606 ‚
874 3522 930 3598 l'ed
954 3545 1049 3598 arma
1068 3521 1204 3618 juiiitiae
1229 3517 1336 3603 Deo,
1355 3515 1404 3591 la·

355 3620 527 3709 orificium
553 3619 611 3696 est.
639 3623 692 3696 Ad
705 3622 805 3723 quod
819 3622 1015 3701 exhortans
1034 3622 1227 3721 Apostolus
1246 3622 1313 3696 ait:
1338 3615 1403 3693 Oit-
1418 3615 1507 3681 Rom
1535 3632 1585 3687 η·

351 3717 442 3813 secto
460 3744 545 3807 vor,
563 3718 690 3806 fratres
705 3777 716 3808 ,
729 3743 788 3813 per
807 3721 1062 3809 misericordiam
1085 3724 1152 3806 Dei
1161 3777 1172 3809 ,
1191 3739 1228 3789 ut
1249 3706 1405 3789 exhibir-

356 3822 403 3892 tis
423 3838 556 3913 corpora
571 3815 678 3894 vestra
696 3818 830 3900 holtam
848 3824 964 3894 vivam
979 3866 988 3899 ‚
997 3813 1138 3907 sanilam
1153 3876 1163 3908 ,
1184 3824 1257 3892 Deo
1276 3821 1406 3911 piacen-

356 3937 421 3995 tem
440 3968 449 3997 ,
468 3916 663 3990 rationabile
691 3916 870 4016 obsequium
896 3919 1050 4000 velitum.
1076 3922 1112 3999 si
1137 3945 1226 4018 ergo
1247 3943 1405 4015 corpus»

358 4041 432 4113 qun
457 4019 623 4095 inferiore
643 4038 809 4120 tanquam
833 4020 967 4099 santulo
985 4071 995 4099 2
1016 4022 1071 4101 vel
1089 4041 1258 4117 tanquam
1279 4019 1404 4094 instru·

357 4138 482 4199 memo
503 4124 615 4195 utitur·
633 4124 769 4205 anima,
788 4146 871 4203 cum
887 4124 962 4216 ejus
983 4124 1120 4206 bonus,
1143 4124 1180 4197 de
1201 4118 1312 4196 redut
1329 4119 1406 4195 uiue

357 4221 400 4306 nd
420 4218 535 4295 lleum
552 4221 698 4298 refertur
718 4268 721 4275 ·
738 4220 943 4298 sacrificium
962 4226 1031 4310 eli,
1053 4225 1313 4321 quantomagis
1332 4222 1408 4291 ani·

357 4342 414 4393 nia
434 4320 500 4412 ipsu
514 4371 524 4401 ‚
539 4347 621 4398 cum
639 4323 670 4396 se
684 4322 785 4398 refert
800 4323 843 4400 ad
873 4320 993 4398 Deum
1009 4378 1019 4408 ,
1035 4339 1073 4398 ut
1089 4326 1173 4419 igne
1186 4322 1316 4401 amoris
1332 4318 1408 4412 eiur

356 4420 497 4501 atcania
517 4420 667 4496 formam
682 4421 919 4519 concupiscere
939 4424 946 4439 '
995 4421 1160 4498 saecularis
1177 4422 1334 4502 amittat,
1358 4418 1407 4492 ei·
1553 4470 1571 4517 4

358 4530 428 4613 oue
452 4540 619 4617 tanquam
644 4522 926 4603 incommutabili
957 4545 1056 4598 orma
1084 4520 1218 4597 liabdita
1237 4516 1407 4594 teiorme·
1539 4542 1551 4563 ·

356 4633 439 4709 pur,
457 4619 540 4693 hinc
553 4623 584 4694 ei
606 4620 747 4715 placens
762 4677 772 4709 ,
787 4622 888 4723 qood
902 4643 948 4708 ex
966 4624 1041 4717 ejus
1061 4618 1328 4721 pulchritudine
1348 4637 1407 4697 ac·

356 4715 911 4813 peperit‚iacriliriumeli„‚,i
997 4749 1001 4761 ·
1166 4798 1168 4803 ,
1354 4730 1362 4765 l

406 4817 623 4901 Sacrificium
640 4820 796 4911 seeundo
814 4820 953 4905 modo,
968 4818 1004 4896 id
1021 4820 1091 4902 est,
1111 4816 1245 4905 stride,
1265 4816 1303 4895 dt
1319 4836 1410 4915 pto-¹

354 4922 432 5029 pile
456 4920 617 5013 dilium,
636 4922 679 5003 ab
699 4920 895 5119 tilingius
925 4918 1171 5015 misericordia
1197 4916 1410 5101 diiirae'allupn
1542 5000 1546 5011 Ι
1597 4978 1599 4985 ,
1656 4988 1664 5003 ,

847 5038 864 5123 i
1160 5074 1166 5085 ·
1306 5032 1356 5105 fla·
1484 5060 1527 5134 ,·¹
1582 5032 1644 5119 'ss'

819 5156 827 5209 Ι
1116 5192 1120 5201 ’
1167 5184 1173 5201 Ι
1277 5172 1280 5181 .
