3892 6434
925 707 964 760 tl'

303 706 1662 978 u

519 1261 589 1353 De
617 1259 886 1351 Sacramento
915 1254 1194 1364 Eucharistiae,
1318 1289 1406 1373 429

349 1442 382 1515 5.
395 1434 590 1528 Gregorium
606 1431 666 1508 lib,
678 1450 712 1504 2·
731 1432 969 1526 Dialogoram,
986 1456 1065 1531 cap.
1080 1452 1141 1516 22·
1165 1428 1399 1515 Ex-hiaenim
1541 1465 1544 1477 ·

349 1538 508 1620 constat,
528 1534 656 1609 asacris
678 1532 852 1631 Mysteriis
870 1531 1031 1649 exclusos
1052 1530 1150 1611 fuisse
1167 1556 1315 1635 omnes,
1335 1540 1400 1634 qui
1514 1537 1517 1544 ’
1660 1565 1661 1574 ¹

349 1663 426 1715 non
446 1637 773 1717 communicarenta
787 1656 829 1710 ac
843 1637 995 1729 proinde
1015 1633 1147 1710 nullam
1165 1626 1303 1709 Missam
1323 1637 1400 1718 abs,

349 1763 420 1839 que
457 1736 729 1815 communione
764 1734 1070 1811 circumstantium
1108 1728 1207 1812 surse
1246 1735 1401 1817 celebria
1471 1750 1482 1765 ¹

350 1856 434 1917 tam.

402 1931 677 2033 Respondetut,
700 1955 748 2010 ex
774 1928 828 2008 his
852 1930 940 2009 nihil
964 1929 1087 2028 colligi
1109 1931 1207 2032 posse
1233 1931 1397 2026 adversus

350 2033 654 2132 Missasprivatas;
674 2030 845 2131 liquidem
863 2032 912 2107 illi
930 2030 1116 2120 Canones,
1140 2033 1203 2111 etsi
1219 2033 1400 2112 Commu.

350 2141 497 2213 nionenr
520 2130 721 2209 Fidelibus,
741 2137 803 2229 qui
824 2132 949 2209 adsunt
973 2131 1178 2221 Sacrificio,
1207 2126 1397 2232 praecipere

350 2237 621 2333 supponantur,
642 2254 718 2305 non
742 2248 860 2307 tamen
885 2235 1096 2329 praecipiunt
1122 2233 1396 2319 Sacerdotibus.

347 2350 389 2414 ut
409 2360 428 2410 a
452 2330 618 2410 Sacrificii
631 2332 812 2406 oblatione
830 2332 1043 2417 abstineant,
1067 2356 1151 2410 cum
1172 2334 1288 2410 nullus
1300 2333 1397 2414 adest

347 2436 690 2516 communicaturus.
717 2428 846 2507 Canon
863 2430 1398 2533 nonusexus,qursa1sorspo·

348 2534 461 2611 stolici
485 2546 737 2627 nuncupantur
756 2578 768 2614 ,
787 2553 849 2607 eos
876 2533 1104 2629 perstringit:
1128 2590 1150 2625 „
1175 2531 1251 2627 Qui
1274 2530 1399 2636 siecle-

348 2685 372 2726 ‚,
390 2634 471 2710 fiam
494 2632 769 2727 ingrediuntur,
797 2631 834 2706 δι
857 2628 1054 2725 Scripturas
1087 2632 1237 2712 audiunt
1251 2682 1265 2720 ,
1280 2654 1423 2729 neque,

348 2789 372 2825 ‚‚
387 2737 422 2809 in
443 2736 666 2827 precatione,
678 2734 713 2806 dr
734 2730 824 2807 sacta
839 2731 1109 2809 Communione
1125 2748 1333 2830 permanent
1352 2749 1401 2825 „s

349 2834 385 2911 id
410 2834 458 2908 est
476 2884 487 2912 ,
505 2835 591 2929 qni,
613 2831 701 2906 dum
734 2830 929 2907 celebratur
958 2831 1199 2921 Sacrificium.
1218 2832 1263 2908 ad
1290 2831 1401 2914 linem

348 2931 460 3031 usone
488 2931 588 3007 sactae
612 2927 782 3027 Liturgiae
803 2954 879 3006 non
947 2946 1133 3020 manent,
1158 2949 1199 3010 ut
1217 2934 1401 3031 explicant
1537 2977 1557 3034 ς.
1667 3017 1671 3026 ,

350 3035 545 3116 Bassemon,
570 3036 718 3099 Zonaras
736 3032 804 3113 ,ιδ’
829 2953 996 3117 Ανὶβῐὶις.

403 3129 596 3208 Praeterea,
617 3129 745 3206 Canon
760 3140 795 3214 8.
819 3126 980 3207 Clericos
1001 3129 1173 3209 adstantes
1193 3130 1401 3209 oblationia

352 3238 613 3309 communione
636 3228 818 3323 dispensati
849 3227 948 3327 posse
971 3232 1021 3306 ob
1047 3230 1184 3308 causam
1203 3232 1401 3329 legitimam

350 3330 541 3430 fignificat3
565 3328 873 3407 Communionenr
893 3330 1125 3428 itaquecleri,
1141 3334 1178 3406 δι
1197 3331 1314 3407 multo
1333 3332 1401 3406 mi·

349 3457 417 3509 nus
440 3432 563 3526 populi
586 3431 749 3504 adstantis
767 3477 779 3511 ,
797 3427 1021 3505 necessariam
1046 3453 1123 3507 non
1150 3426 1218 3506 else
1240 3450 1402 3526 agnoue-

349 3531 587 3611 sunthorum
615 3528 806 3608 Canopum
832 3529 1004 3605 sudores
1026 3530 1070 3605 ad
1107 3528 1329 3607 substantiam
1351 3529 1401 3606 sa·

351 3630 484 3707 crriicii.
514 3629 563 3706 En
584 3636 690 3705 verba
716 3626 896 3706 Canonis:
921 3639 950 3720 ',‚
970 3685 993 3722 „
1018 3628 1055 3707 Si
1079 3633 1157 3729 quis
1181 3629 1402 3727 Episcopus,

350 3729 558 3830 Presbyter,
574 3730 628 3805 vel
643 3731 815 3805 diaconus
829 3776 840 3807 ,
854 3728 911 3806 vel
925 3752 971 3805 ex
993 3729 1195 3806 sacerdotali
1210 3732 1401 3828 catalogo·

350 3831 436 3920 sassa
454 3832 656 3917 oblatione,
676 3834 751 3905 non
767 3834 1106 3917 communicaverit,
1129 3830 1266 3907 causam
1284 3830 1399 3917 dicat,
1417 3899 1425 3912 .

352 3929 389 4007 dr
409 3930 432 4005 si
454 3930 643 4029 probabilis
663 3930 786 4014 suerit,
808 3931 1225 4030 veniamconsequatu13
1248 3928 1295 4007 sin
1314 3954 1402 4006 vero

352 4032 491 4115 minus,
511 4033 733 4125 segregetur,
752 4047 792 4105 ut
816 4033 878 4126 qui
906 4032 1047 4128 populo
1075 4030 1279 4107 offensionis
1301 4028 1402 4108 causa

351 4128 418 4214 fit,
439 4134 475 4205 dr
497 4129 726 4223 suspicionem
751 4128 885 4205 dederit
905 4129 1067 4207 adversus
1086 4153 1196 4215 eum,
1219 4132 1403 4227 quiobtu·

356 4229 397 4305 lit
416 4284 426 4312 ,
447 4247 616 4326 tanquam
640 4252 715 4307 non
738 4228 846 4324 digne
874 4230 1047 4306 obtulerit
1069 4285 1090 4320 „
1110 4277 1146 4321 „.

401 4328 577 4405 Canonn.
602 4328 756 4406 Concilii
786 4328 998 4405 antiocheni
1024 4328 1168 4405 damnat
1184 4326 1401 4412 aosdanra

351 4442 439 4505 arat:
466 4486 488 4520 „
506 4486 528 4520 ‚,
555 4428 631 4521 Qui
659 4427 808 4504 sanilam
839 4425 1061 4505 Eucharistiae
1092 4430 1400 4526 participationem
1465 4457 1467 4461 ’

353 4547 502 4627 propter
522 4528 675 4627 aliquam
696 4527 913 4603 insolentiam
931 4528 1151 4611 aversantur,
1168 4524 1311 4625 svequi
1329 4552 1397 4627 pto

353 4628 507 4727 quadam
531 4625 842 4723 intemperantiase
863 4632 1128 4725 apetceptlone
1149 4626 1269 4704 santia
1283 4626 1397 4707 eona,

355 4728 536 4802 munionis
551 4742 715 4804 avertunt
735 4784 757 4819 „
785 4734 854 4821 (ut
877 4732 982 4804 vertit
998 4725 1189 4827 Dionysius
1202 4722 1397 4825 exiguus.)

353 4826 444 4904 Non
465 4843 583 4902 autem
604 4851 689 4913 eos,
713 4829 775 4923 qui
797 4829 847 4902 ob
865 4827 1000 4906 causam
1020 4828 1214 4925 legitimam
1238 4851 1258 4903 a
1281 4825 1398 4910 Corn,

353 4929 527 5002 munione
545 4928 776 5012 abstinerent,
792 4931 954 5025 quamvls
972 4925 1070 5007 lactis
1093 4926 1268 5025 Mysterils
1287 4929 1398 5026 iuter·

351 5022 472 5102 essent,
502 5026 653 5103 Volebat
675 5030 769 5103 enim
784 5025 951 5113 Ecclesia.
969 5040 1011 5105 nt
1031 5025 1150 5104 saltem
1163 5028 1316 5124 gra-riori
1334 5028 1396 5106 ali·

353 5150 430 5222 quo
455 5128 600 5201 crimine
625 5126 690 5203 sese
713 5126 881 5226 indiguos
905 5126 1177 5208 communione
1203 5149 1280 5205 uun
1307 5149 1396 5224 prm

352 5228 478 5306 berent
499 5223 648 5311 Fideles.
1001 5246 1007 5255 '
1262 5299 1272 5311 .
1379 5281 1390 5308 a

1222 5321 1352 5414 Canon
1396 5412 1401 5424 ,
