3892 6434
497 819 569 979 Dc
596 885 865 989 sacramento
894 879 1170 983 eucharistia
1234 869 1239 892 ’
1297 907 1373 1015 333

313 1056 534 1141 Turonensis
554 1056 739 1158 Episcopi,
763 1056 951 1148 (Tomr.
964 1048 1157 1152 spicilegii)
1171 1049 1374 1133 &Libellus

310 1161 461 1258 supplex
486 1158 713 1239 clericorum
731 1214 742 1245 ,
758 1160 795 1236 δι
813 1156 1085 1236 Monacborum
1102 1154 1303 1235 Antiochiae
1324 1152 1371 1233 ad

311 1264 482 1351 joannem
497 1258 756 1347 patriarcham,
776 1260 812 1335 dt
839 1260 884 1337 ad
903 1257 1094 1357 Synodum
1111 1253 1369 1351 Constantino-

314 1360 507 1461 politanam
534 1359 595 1436 sub
622 1363 744 1429 Menna
774 1380 911 1458 congre
940 1374 1032 1436 atam
1053 1373 1180 1434 contra
1207 1362 1365 1426 &verm

316 1459 578 1558 Acephalorunr
603 1457 881 1559 antelignanunn.
910 1381 966 1536 fix
987 1459 1139 1555 antiquis
1158 1458 1244 1532 item
1262 1452 1363 1534 Con·

314 1560 555 1638 suetudinibns
589 1561 749 1636 coenobii
763 1556 1124 1657 Cluniacenfia,quan
1144 1556 1360 1627 &Udalrices

314 1664 360 1738 ab
378 1661 475 1736 annis
494 1663 698 1760 quingentis
713 1658 918 1757 inscriptum
932 1658 1070 1754 redegit
1089 1655 1360 1732 admemoriam

315 1760 584 1857 sempiternam,
601 1760 704 1852 lib·3·
728 1782 806 1857 cap,
818 1771 878 1840 28,
903 1773 1041 1836 certum
1060 1755 1110 1832 est
1123 1801 1135 1837 ‚
1149 1752 1361 1837 Cluniaccn·

315 1857 408 1938 fibna
423 1858 613 1936 Monachia
633 1858 779 1935 infirmis
802 1855 1052 1937 Eucharistiam
1074 1854 1134 1932 sub
1156 1853 1226 1931 sola
1246 1857 1359 1953 specie

315 1961 416 2060 panis
441 1963 525 2036 vino
546 1979 624 2035 non
636 1958 843 2036 consecrato
863 1958 1001 2036 intiudii
1024 1952 1121 2035 fnisse
1141 1953 1359 2039 administra.

316 2078 510 2256 tan(Euarto
534 2157 699 2263 antiquus
717 2156 796 2237 usus
816 2154 1094 2234 communionis
1113 2153 1175 2234 iub
1192 2177 1262 2233 uua
1285 2133 1555 2274 spe-{iffilssdm

316 2256 1102 2435 rr,rruilionerlriuuiuu
1119 2254 1358 2433 nillil
1383 2231 1560 2429 elli

317 2460 384 2535 stat
400 2384 446 2532 gr
472 2458 663 2535 miraculo,
684 2458 784 2556 qnod
807 2472 984 2554 patratum
1005 2461 1054 2538 cst
1075 2461 1110 2533 in
1129 2454 1261 2555 puella,
1278 2477 1360 2552 quae
1391 2440 1557 2507 imapum
1609 2453 1611 2458 ’

317 2581 447 2734 funem
462 2560 546 2633 vino
561 2557 723 2644 mistum,
745 2581 792 2633 ex
806 2557 959 2653 reliquiis
977 2555 1142 2640 Sacrificii
1174 2554 1282 2632 ldolis
1293 2557 1361 2632 ob·

333 2661 378 2734 ati
397 2658 617 2738 comederat,
640 2658 675 2732 dr
700 2679 720 2732 a
747 2670 858 2733 matre
874 2661 995 2752 ignara
1018 2658 1096 2736 fani
1122 2658 1167 2735 ad
1188 2654 1363 2738 sacrosan.

319 2759 416 2836 uum
436 2754 657 2837 Eucharistiae
681 2754 897 2834 Sacrificium
911 2757 1003 2832 illata
1019 2801 1028 2835 ›
1044 2758 1248 2835 divinorum
1268 2778 1363 2853 qno·
1437 2825 1439 2830 .

319 2852 660 2957 que-Mystenorum
683 2851 750 2953 pro
773 2879 875 2934 more
897 2860 1071 2953 particeps
1096 2858 1184 2933 falia
1204 2855 1264 2937 est.
1291 2852 1363 2933 Rc·
1418 2859 1420 2863 ’

319 2958 389 3034 fert
412 2962 440 3025 S·
463 2965 614 3049 cyprian.
645 2955 705 3032 lib.
738 2959 776 3027 de
795 2952 932 3049 Lapis,
960 2957 1061 3056 quod
1087 2956 1162 3054 ipio
1194 2953 1364 3052 praelentc
1517 2992 1519 2997 ·

320 3057 486 3153 contigit.
529 3113 551 3148 „
570 3112 592 3149 „
621 3053 692 3132 Ubi
716 3077 829 3141 vero,
849 3059 985 3150 inquit,
1014 3055 1229 3134 solemnibus
1250 3053 1362 3130 adim·

321 3156 425 3258 pletis
448 3155 596 3233 'calicem
622 3156 793 3234 diaconus
826 3155 956 3232 offerre
978 3157 1202 3253 presentibus
1224 3157 1362 3251 coepita

320 3259 358 3332 ἃ
377 3258 629 3357 accipientibus
652 3259 784 3332 caeteris
812 3254 915 3333 locus
936 3250 1011 3344 ejus
1037 3257 1178 3334 advenit
1197 3273 1210 3346 ;
1236 3255 1362 3332 faciem

320 3355 417 3434 suam
438 3359 579 3454 parvula
591 3355 752 3433 instiniiu
772 3355 898 3434 divinae
915 3354 1107 3452 Majestatis
1124 3369 1302 3439 avertere,
1321 3375 1364 3431 on

322 3455 419 3533 labiis
442 3459 687 3534 obturantibus
716 3478 896 3552 premere,
915 3456 1061 3534 calicem
1092 3455 1257 3539 recusare·
1282 3450 1367 3531 Per·

322 3558 409 3632 stitit
430 3571 547 3632 tamen
580 3557 780 3643 diaconus,
805 3556 842 3631 dc
866 3554 1048 3634 reluiianti
1075 3556 1156 3634 licet
1180 3555 1225 3632 de
1244 3553 1368 3632 Sacra·

323 3671 452 3731 mento
482 3655 609 3739 Calicis
631 3656 774 3742 infudit·
799 3656 906 3742 Tunc
937 3655 1092 3762 sequitur
1114 3655 1163 3732 lin
1217 3655 1309 3740 ltus,
1327 3653 1366 3730 ἀ

323 3756 490 3831 vomitus.
522 3753 563 3832 ln
586 3753 895 3855 Corpore,‚atque
913 3778 977 3832 ore
1000 3757 1137 3833 violato·
1187 3753 1368 3832 ucharistia

325 3872 533 3953 permanere
546 3878 620 3930 non
641 3857 767 3950 potuit.
798 3851 1036 3936 Sandificarrn
1058 3859 1094 3932 in
1107 3853 1258 3937 Domini
1281 3854 1369 3945 San·

324 3957 436 4048 guiue
456 3971 586 4051 potus,
606 3953 652 4031 dc
675 3954 820 4049 pollutis
842 3953 1027 4033 visceribus
1043 3957 1177 4053 trupit;
1198 3969 1294 4039 tanta
1318 3951 1370 4030 est

324 4053 478 4151 potestas
493 4051 667 4140 Domini,
684 4068 780 4129 tanta
795 4053 960 4148 maiestas.
994 4056 1133 4132 Secreto
1145 4057 1370 4131 tenebrarum

324 4152 479 4251 snbejus
502 4155 581 4230 luce
602 4152 736 4230 deteiia
755 4152 860 4240 lunt,
879 4153 1108 4230 Sacerdotem
1133 4151 1201 4230 Dei
1225 4173 1375 4236 necoc-
1421 4218 1425 4226 .
1505 4218 1508 4225 .
1542 4163 1547 4181 ·

325 4251 419 4327 culta
449 4256 595 4329 crimina
619 4253 816 4432 felelgrunt
840 4303 912 4345 „,‚·
938 4253 1027 4344 Non
1049 4259 1163 4331 minus
1186 4251 1373 4330 admirabi-

324 4350 375 4428 les
389 4350 531 4429 effecius
553 4350 682 4429 Christi
729 4376 839 4451 orpus
851 4353 912 4430 l'ub
935 4353 1157 4452 speciepanis
1171 4351 1374 4450 porredlum

268 4510 275 4539 ,
326 4449 559 4548 produxisset·
575 4450 670 4531 Cum
685 4455 794 4551 igitur
805 4451 1290 4554 ncypn'anurhancparvuiae
1301 4465 1402 4553 tam·
1444 4514 1466 4549 ,
1545 4474 1548 4483 ·

326 4551 535 4648 stupendam
559 4556 846 4629 commotionem
861 4550 1049 4652 contigilse
1068 4570 1206 4637 narret,
1225 4573 1309 4633 cum
1327 4548 1375 4627 ln·

326 4672 386 4726 cer
406 4651 468 4750 ipfi
492 4649 594 4731 Calin
623 4656 835 4749 propinatus
854 4654 936 4741 est,
963 4667 1180 4749 argumento
1203 4651 1282 4735 eil,
1312 4644 1377 4747 ipsr

327 4749 490 4827 traditam
514 4773 587 4827 non
606 4748 706 4828 ‘iuiffe
725 4749 976 4831 eucharistiam
998 4754 1060 4830 sub
1082 4752 1193 4846 specie
1218 4750 1378 4828 alimenti

327 4852 1114 4948 parumejusaetaticonvenientinicilicetlirb
1130 4852 1375 4957 speciepanis,
1399 4860 1429 4931 ’,
1463 4927 1465 4931 ,
1507 4919 1510 4925 ,
1540 4927 1545 4936 ,

326 4949 535 5033 ltdtantum
552 4949 615 5036 sub
631 4938 843 5052 speciebiar.
987 4948 1074 5045 ia
1236 4949 1326 5033 illut
