3892 6434
387 1314 391 1321 -
479 1337 481 1342 ,
556 1216 640 1354 ree
730 1243 889 1342 Theol,
905 1248 1021 1363 Dog.
1055 1242 1263 1342 &morat
1293 1244 1388 1339 Lib.
1412 1246 1471 1339 Π.

557 1442 673 1518 „rum
688 1418 884 1501 admirabili
903 1425 1155 1518 integumenta
1178 1419 1212 1496 se
1221 1417 1466 1496 occultantem
1480 1417 1607 1510 fiune,

442 1568 447 1573 ·
532 1554 533 1568 Ν
561 1576 584 1616 ‚,
601 1521 638 1598 dr
657 1521 833 1598 constanti
851 1520 922 1598 fide
944 1538 1164 1598 veneramur.
1192 1516 1453 1613 Quamobrem.
1614 1526 1618 1537 ’

608 1675 631 1714 „
653 1618 845 1698 Rationem
857 1621 1002 1699 alteram
1017 1621 1122 1717 hujus
1139 1625 1300 1707 veritatis·
1316 1623 1404 1709 petit
1414 1624 1449 1688 S.
1464 1615 1608 1692 Thomas

556 1728 584 1813 „'
603 1743 651 1795 ex
674 1719 888 1818 persedione
912 1719 1038 1810 Fiden
1060 1742 1140 1817 qua
1168 1717 1257 1803 licut
1281 1717 1330 1793 est
1354 1716 1608 1808 dedivinitate

556 1870 581 1913 „
598 1817 758 1906 Christi,
773 1823 823 1897 ita
841 1820 891 1896 eil
912 1820 957 1896 de
978 1821 1052 1913 ejus
1074 1820 1315 1902 humanitate,
1333 1816 1528 1895 secundum
1548 1821 1608 1900 illa

545 1967 581 2012 a„
596 1921 784 1998 Salvatoris
804 1921 909 1997 verba
929 1916 1033 2018 Joan.
1050 1936 1104 2013 14
1132 1922 1278 1988 credaris
1296 1919 1336 1998 in
1352 1922 1483 1998 Deum,
1505 1925 1545 1990 (a
1568 1923 1608 1991 in
1621 1915 1659 1942 ‘'

560 2066 584 2110 „
599 2023 803 2093 macredine.
828 2018 871 2097 Et
895 2024 977 2118 quia
991 2016 1093 2097 Fides
1109 2018 1158 2095 eil
1172 2014 1608 2114 invisibiliumffrcutsssi·
1647 2038 1650 2043 ’

558 2169 583 2210 ,,
600 2121 780 2196 vinitatem
792 2119 887 2197 luam
909 2121 1014 2196 nobie
1032 2120 1177 2197 exbibet
1191 2112 1349 2196 Christus
1367 2117 1604 2207 invisibiliter,

364 2277 372 2290 ,
559 2270 583 2310 ,,
601 2219 649 2296 ita
669 2220 704 2295 ἃ
726 2222 763 2295 in
787 2219 860 2297 boc
877 2217 1106 2301 sacramento
1127 2219 1279 2298 Carnem
1300 2216 1395 2294 luam
1416 2220 1521 2294 nobis
1539 2239 1607 2295 ex-

411 2318 423 2335 *
557 2316 691 2410 ,hibet
712 2320 874 2395 invilibili
895 2319 1023 2397 modo.

606 2473 629 2512 ,‚
657 2415 778 2496 Tertia
799 2423 891 2495 ratio
915 2422 1047 2517 petitur
1068 2445 1088 2497 a
1109 2416 1278 2496 charitate
1293 2414 1446 2501 Christi,
1466 2438 1513 2492 ex
1533 2440 1609 2518 qua

556 2570 580 2612 „
593 2539 662 2614 pro
684 2516 791 2595 salute
812 2519 927 2596 nostra
946 2517 1091 2617 Corpus
1116 2521 1239 2597 verum
1254 2518 1381 2595 noilrae
1402 2533 1534 2594 natura
1553 2512 1605 2593 as·

556 2671 581 2711 „
596 2615 748 2715 sumpfit
778 2615 873 2695 Cum
895 2621 991 2695 euim
1016 2623 1172 2696 maxime
1198 2622 1387 2715 proprium
1416 2615 1457 2692 fit
1481 2620 1610 2693 amici·

557 2770 582 2809 „
597 2718 667 2795 tiaer
684 2721 875 2795 convivere
898 2717 1304 2796 amicimamantillrmus
1330 2716 1490 2793 Salvator
1514 2740 1606 2812 prae-

494 2875 515 2894 -,
558 2869 583 2908 ,,
596 2815 741 2893 sentiam
762 2817 857 2896 suam
868 2818 1092 2916 corporalem
1107 2819 1211 2897 nobis
1223 2842 1259 2892 re
1286 2819 1487 2894 romitu'tin
1505 2839 1605 2913 prue-

559 2919 739 3009 ,mium‚
761 2917 881 2994 dicens
904 2916 1019 3012 (Mat.
1039 2914 1130 3013 24.)
1155 2917 1220 2989 Ula·
1238 2840 1350 3006 {levir
1375 2920 1605 3008 corpusmme

558 3069 584 3109 ,
598 3013 899 3109 congregabuntur,
919 3019 963 3090 di·
976 3023 1100 3109 aquile·
1126 3016 1271 3094 Interim
1291 3030 1408 3093 tamen
1424 3066 1436 3101 ,
1457 3040 1524 3093 nec
1540 3015 1605 3115 lua

558 3113 779 3211 „prasentia
797 3120 977 3214 corporali
998 3143 1066 3194 noa
1089 3121 1125 3195 in
1149 3116 1215 3193 bac
1238 3118 1520 3212 peregrinatione
1541 3120 1604 3192 de·
1627 3172 1635 3183 .

556 3271 582 3310 „
597 3216 734 3302 stituit,
758 3217 814 3293 led
841 3240 904 3318 per
926 3223 1109 3295 veritatem
1132 3215 1325 3309 Corporis,
1352 3218 1388 3292 &
1414 3214 1603 3315 Sanguinis
1634 3233 1636 3236 ’

558 3371 583 3410 ,‚
602 3316 652 3394 i'ui
674 3339 741 3391 nos
763 3318 955 3413 conjungit
978 3323 1015 3394 in
1041 3317 1113 3394 hoc
1135 3320 1377 3395 Sacramento·
1405 3313 1509 3392 Unde
1530 3316 1603 3413 ipse

556 3414 683 3510 „dicit
706 3409 811 3508 Joan·
825 3427 859 3490 6.
883 3417 965 3512 Qt'
986 3422 1157 3489 manducat
1181 3441 1282 3488 meam
1302 3423 1462 3503 Carnem,
1486 3417 1528 3487 ὁ*
1548 3412 1603 3487 br.

556 3510 650 3609 „bn
675 3539 780 3587 meum
805 3523 1026 3611 Sanguinem,
1046 3519 1081 3585 in
1105 3541 1155 3588 me
1183 3534 1313 3601 manet,
1336 3517 1380 3596 (ε
1409 3538 1467 3608 ego
1492 3522 1526 3586 in
1547 3539 1602 3600 ev,

554 3611 703 3709 „Unde
737 3615 811 3694 hoc
840 3616 1107 3695 Sacramentum
1140 3615 1189 3692 eil
1224 3617 1388 3692 maxima
1423 3613 1601 3709 charitatis

552 3768 578 3808 „
593 3712 754 3812 lignum,
777 3718 964 3795 &nostra
982 3716 1049 3815 spei
1070 3716 1370 3792 sublevamentum
1389 3739 1435 3793 ex
1462 3731 1533 3791 uua
1551 3718 1602 3794 ia·

553 3867 578 3906 „
594 3815 717 3891 miliari
749 3819 1004 3911 conjuntlione
1030 3813 1158 3892 Chrilli
1189 3814 1232 3891 ad
1258 3838 1346 3900 nos,
1368 3838 1437 3909 qua
1465 3813 1504 3891 fit
1527 3829 1602 3904 ,ut

554 3967 578 4006 ‚‚
593 3913 678 3992 illud
707 3919 808 3991 omni
837 3935 1002 4016 tempore
1027 3939 1132 4002 vere,
1158 3917 1194 3990 dt
1227 3919 1371 4012 proprie
1395 3915 1528 3992 dilium
1553 3919 1600 3994 ab

391 3999 518 4074 Prona.
555 4065 579 4105 ᾖ
596 4030 723 4090 aeterna
755 4016 931 4113 Sapientia
957 4017 1117 4097 uideatur
1138 4039 1149 4091 ι
1173 4019 1310 4088 Deliciae
1339 4037 1414 4085 mee
1437 4016 1496 4106 effe
1523 4038 1601 4090 cum

552 4166 576 4206 ,‚
590 4107 675 4199 filiis
694 4114 870 4209 bominum.

352 4201 511 4274 Haeretica-
601 4210 702 4291 VllI·
728 4211 914 4310 Objiciunt
929 4212 1083 4291 haretici
1104 4212 1179 4290 hac
1198 4211 1326 4291 Christi
1348 4209 1607 4312 verba‚Jo.6.·

351 4288 501 4426 3¹3⁰&ss
551 4307 611 4407 63,
641 4316 785 4408 Spiritus
802 4314 871 4400 ed,
893 4316 950 4407 qni
971 4311 1152 4406 vivificat3
1181 4336 1257 4383 cero
1277 4338 1338 4383 non
1356 4319 1483 4407 prodest
1503 4320 1599 4409 quid.

329 4433 508 4512 *respond*
550 4434 658 4508 qnem.
688 4409 817 4499 Verba,
835 4437 900 4503 que
923 4435 980 4504 ego
1001 4415 1124 4484 locutus
1144 4410 1215 4497 sum
1242 4415 1357 4490 vobis,
1370 4412 1532 4502 spiratus,
1553 4416 1606 4487 Φ

351 4520 410 4583 rvr.
484 4565 487 4570 -
550 4509 720 4598 vitasunt.
748 4513 844 4611 Quae
858 4515 962 4590 verba
983 4520 1016 4595 S.
1030 4510 1164 4608 Augull.
1185 4516 1229 4589 ita
1249 4532 1513 4592 commentatur
1531 4512 1600 4592 En.

549 4613 589 4689 in
610 4610 659 4692 Pl.
675 4623 735 4698 98.
763 4667 818 4704 ‚„,
844 4612 1073 4708 Spiritualiter
1099 4612 1307 4708 intelligite,
1326 4617 1427 4709 quod
1453 4619 1599 4691 locutus

430 4797 432 4799 .
546 4711 650 4790 lum:
677 4709 763 4786 Non
787 4712 860 4787 hoc
882 4711 1044 4802 Corpus,
1059 4714 1160 4813 quod
1182 4714 1326 4796 videtis,
1349 4715 1600 4792 manducaturi
1637 4740 1643 4749 ’

545 4812 644 4902 eliis3
668 4810 704 4884 dt
728 4810 869 4887 bibituri
883 4813 982 4889 illum
994 4815 1235 4908 Sanguinem,
1252 4833 1361 4909 quem
1379 4814 1483 4888 luluti
1497 4816 1599 4901 lunt,

543 4916 608 5010 qui
625 4934 682 4984 me
701 4911 919 5007 crucifigent.
946 4917 1213 4987 Sacramentum
1229 4963 1239 4994 ,
1256 4913 1356 5008 quod
1376 4915 1600 4986 vobiscum.

542 5011 731 5092 mundavi,
754 5011 972 5102 spiritualiter
999 5012 1213 5086 intelletlum
1236 5010 1425 5087 vivificabit
1445 5034 1520 5087 vos.
1550 5010 1599 5091 Et

543 5107 571 5182 fi
593 5104 726 5182 necelle
740 5111 788 5182 eli
810 5108 894 5184 illu'd
910 5111 1084 5186 visibiliter
1103 5110 1290 5194 celebrari,
1311 5128 1458 5205 oportet
1474 5131 1598 5188 tamen

540 5207 922 5306 iutilibiliterintelligi
948 5266 1017 5304 „‚,.
1045 5207 1102 5290 Ex
1126 5213 1254 5306 quibua
1271 5210 1468 5306 coliigunt,
1489 5207 1597 5384 filtri-

531 5340 532 5343 ¹
1525 5330 1538 5384 ι
