3892 6434
1087 1007 1089 1010 ⁴
1590 1008 1608 1019 -

843 1058 849 1070 ι
1006 1062 1008 1064 v
1351 1050 1355 1059 ¹

1573 1054 1597 1171 Ι.

462 1370 465 1375 ⁴
517 1301 570 1399 ‚a
711 1244 865 1378 unat.
888 1278 1226 1394 nouenae
1253 1280 1350 1374 ma.
1378 1281 1437 1378 11.

514 1474 573 1537 tuo
589 1455 629 1534 dt
643 1454 782 1544 ovibus,
796 1457 840 1529 &-
852 1455 891 1525 dt
911 1449 1033 1536 hius,
1054 1455 1091 1535 in
1107 1453 1176 1527 soto
1194 1509 1207 1552 ,
1232 1477 1326 1549 quern
1348 1455 1485 1549 elegerit
1501 1458 1590 1531 no·-

515 1559 625 1634 tninut
640 1561 844 1642 Deurtuut,
858 1576 897 1627 ut
912 1550 1041 1628 habitet
1060 1578 1173 1627 nornen
1188 1550 1259 1647 ejus
1281 1550 1341 1633 ibt'.
1368 1553 1413 1635 Et
1435 1555 1581 1644 Numa.

514 1680 641 1745 torum
673 1670 735 1748 28,
765 1651 982 1755 disiectisque
1003 1653 1164 1744 intensum
1186 1652 1404 1734 hoiotauliutn
1427 1663 1575 1732 Domino

513 1761 641 1838 uituiot
658 1761 697 1828 de
719 1775 867 1830 armento
886 1761 983 1840 duos,
1008 1757 1147 1839 arietem
1174 1779 1273 1827 ununt
1288 1811 1299 1843 ,
1317 1779 1416 1851 ugnos
1437 1762 1576 1833 unttt'cu·

512 1857 562 1939 sos
587 1857 812 1931 itotnucuiutor
824 1855 1003 1966 septem...
1018 1856 1061 1932 (a'
1079 1855 1205 1956 hircum
1222 1873 1284 1950 pro
1301 1877 1432 1949 peceato
1446 1883 1572 1948 unuut,

513 1979 554 2037 ur
601 1961 753 2055 expietur
786 1979 847 2052 pto
877 1953 975 2033 uobis
998 1974 1165 2052 ,propter
1187 1955 1404 2039 holocaustum
1435 1965 1577 2035 uirtuti.

514 2081 610 2150 nutu,
631 2064 714 2156 quod
734 2056 860 2155 semper
898 2053 1057 2151 offeretis,
1106 2059 1172 2131 Itu·
1199 2053 1338 2147 satietis
1373 2076 1433 2152 pet
1463 2057 1576 2153 ungu„

427 2172 429 2178 ’
512 2159 562 2241 sus
590 2163 660 2230 ties
681 2160 801 2252 septen
820 2160 961 2240 aterum.
986 2154 1047 2243 De
1071 2153 1126 2239 his
1156 2155 1340 2237 Sacrificiir
1358 2156 1487 2237 scribit.
1503 2162 1576 2252 Jo-

510 2259 626 2356 sepius
641 2307 652 2340 ‚
665 2259 724 2339 iib.
743 2280 778 2349 3.
798 2261 1074 2356 Antiquitatum,
1102 2280 1182 2355 cap·
1210 2282 1263 2335 ιο.
1282 2314 1304 2351 ,,
1325 2254 1412 2336 Hoc
1431 2257 1575 2344 Festum

514 2416 538 2454 ,‚
555 2364 666 2459 priori
687 2364 914 2441 continenter
929 2354 1105 2445 succedit,
1126 2358 1303 2456 duratque
1324 2359 1396 2436 diet
1415 2361 1574 2456 septem.

512 2515 535 2555 ‚,
556 2484 619 2558 pet
652 2484 745 2561 quos
763 2463 913 2559 panibus
947 2481 1024 2535 non
1056 2458 1273 2541 fermentatis
1292 2458 1479 2542 vescuntur
1499 2486 1511 2555 ;
1535 2463 1575 2547 dt

512 2585 615 2659 „per
636 2558 794 2659 singulos
816 2561 889 2636 diet
909 2561 999 2636 tauri
1023 2558 1229 2652 iugulantur
1241 2557 1340 2645 duo,
1358 2561 1443 2636 aries
1460 2586 1573 2650 unus,
1618 2627 1621 2633 ,

513 2663 630 2758 „agni
644 2658 787 2760 septem.
817 2658 905 2745 Hac
924 2658 1218 2743 holocautomata
1229 2657 1340 2744 fiunt,
1357 2660 1574 2760 additurque

514 2760 753 2859 „haaduspro
792 2762 941 2844 coeatis,
969 2761 1014 2833 in
1028 2757 1279 2855 quotidianum
1293 2758 1437 2852 epulum
1451 2760 1573 2838 Sacer·

316 2907 391 2986 Joan
432 2914 468 2980 η
515 2861 696 2953 „dotibus
707 2906 739 2951 „·
752 2784 811 2938 [ge
822 2858 889 2937 hac
905 2862 1025 2958 itaque
1040 2858 1178 2937 visiima'
1194 2858 1343 2955 inteiiigi
1354 2859 1572 2962 potestiliud

316 2993 364 3064 ⁸8·
393 2953 401 2982 r
463 2951 478 2987 .·
515 2959 550 3043 ὃ,
581 2957 729 3063 Joannis
753 2983 762 3047 ξ
793 2956 858 3052 lpfi
885 2982 946 3074 nup
973 2958 1176 3055 introjerunt
1211 2961 1246 3031 t‘n
1276 2962 1505 3050 pretorium,
1532 2967 1573 3039 itt

277 3048 285 3075 ’
516 3083 578 3135 tton
604 3063 927 3146 contaminarentur,
938 3055 992 3144 sed
1015 3075 1054 3134 ut
1070 3060 1301 3131 manducarent
1328 3056 1459 3145 Pascha.

567 3160 759 3245 Probabilis
781 3161 926 3242 estut.
944 3157 1092 3248 Joannr's
1118 3154 1329 3249 carnutum
1347 3156 1570 3258 Responsio,

511 3259 956 3373 JudaeorumSacerdotes
977 3261 1014 3342 in
1035 3262 1186 3360 negotio
1210 3261 1336 3337 mortis
1359 3258 1487 3341 Christi
1510 3286 1573 3339 ut·

512 3361 637 3461 gendo
659 3377 735 3438 tota
752 3362 858 3445 node
884 3374 1083 3457 occupatos
1098 3357 1225 3437 Pascha
1245 3359 1402 3455 legitima
1420 3361 1477 3436 die
1490 3385 1568 3440 non

513 3460 718 3548 celebrasse,
732 3461 788 3537 sed
801 3466 836 3541 in
855 3462 1058 3559 sequentem
1076 3462 1170 3534 diem
1183 3457 1372 3545 distulisse,
1397 3483 1438 3537 ac
1451 3460 1571 3557 legem

542 3561 631 3641 alam
656 3559 933 3656 violasse‚quam
952 3558 1111 3639 Christus
1134 3612 1144 3641 ,
1167 3559 1373 3656 &populus
1396 3577 1564 3638 accurate

513 3585 705 3744 servarunt·
717 3717 738 3752 ‚,
749 3717 771 3751 ,‚
785 3660 839 3742 nd
851 3682 933 3734 eum
944 3660 963 3751 (
974 3660 1082 3749 inquit
1099 3664 1248 3742 iomnes
1259 3663 1490 3744 conveniunt,
1505 3663 1569 3759 qui

518 3760 581 3844 iiio
597 3783 693 3835 anno
717 3759 895 3842 summum
912 3756 989 3836 Pon
1005 3754 1177 3841 tificatum
1200 3759 1404 3845 obtinebat,
1420 3762 1478 3837 ubi
1490 3783 1572 3861 pera

517 3861 708 3945 noiiarunt
732 3857 915 3957 uigilantes
939 3899 950 3936 ‚
971 3857 1063 3940 adeo
1102 3874 1141 3942 ut
1165 3855 1292 3933 Pascha
1314 3882 1353 3935 ea
1378 3859 1484 3937 nocie
1503 3883 1571 3939 co-

517 3959 661 4043 medere
682 3959 905 4056 neglexerint
926 3982 935 4045 t
955 3963 1055 4029 Mane
1078 3976 1187 4027 autent
1205 3954 1296 4046 facio
1317 3981 1378 4028 non
1397 3963 1570 4033 intrarunt

518 4061 554 4138 in
575 4063 790 4152 proterium(
808 4076 846 4141 ut
858 4056 1016 4158 Joanoet
1036 4059 1154 4164 inquit
1173 4054 1189 4150 )
1212 4076 1250 4127 ut
1274 4081 1337 4129 non
1366 4063 1571 4136 comanita-

517 4180 656 4247 rentur,
667 4157 724 4244 [τά
749 4177 786 4229 ut
806 4162 1037 4235 munducarent
1050 4158 1179 4242 Patina.
1220 4153 1324 4243 Unde
1345 4158 1482 4259 liquido
1506 4184 1569 4257 pa·

517 4274 589 4342 tet,
621 4260 814 4357 cupiditate
849 4255 1084 4345 interficiendi
1110 4256 1291 4341 Christum
1316 4262 1565 4354 praevaricatos

517 4356 638 4448 fuisse,
660 4361 777 4444 acaiia
800 4359 855 4438 die
879 4357 1005 4440 Pascha
1023 4355 1224 4435 comedisse.
1252 4357 1339 4433 Non
1353 4361 1447 4441 enim
1458 4357 1568 4437 Chri·

518 4460 589 4537 stus
611 4474 752 4556 tempus
762 4458 899 4546 Pascha
909 4455 1132 4556 transgressus
1150 4458 1219 4543 est,
1233 4456 1291 4532 sed
1312 4458 1359 4534 ilii
1384 4456 1567 4537 audacii-

517 4563 567 4645 rni
590 4558 754 4643 homines
770 4616 779 4646 ‚
794 4559 830 4632 de
851 4558 945 4640 mille
962 4557 1253 4654 transgredientes
1267 4556 1353 4655 legis
1367 4575 1566 4656 praecepta3

517 4664 688 4760 quoniam
712 4665 757 4738 ita
786 4659 991 4741 inflammati
1020 4673 1149 4743 erant,
1177 4660 1213 4732 ἃ
1237 4658 1325 4755 saepe
1361 4664 1482 4750 conati
1508 4683 1567 4735 ca·

473 4804 476 4809 »
516 4759 762 4866 percipiunt,
792 4759 877 4835 nihii
909 4781 1034 4854 capere
1065 4773 1261 4858 potuerunt
1285 4810 1295 4841 ,
1320 4781 1366 4833 ex
1390 4759 1566 4853 insperato

518 4859 608 4941 nasii
624 4857 744 4957 ,quod
764 4861 981 4954 cupiebant,
1010 4874 1150 4955 tempus
1176 4853 1313 4933 Pascha
1345 4858 1567 4955 transposue-

516 4977 674 5043 tunt,ut
696 4958 854 5041 ardentes
877 4958 979 5040 caedis
999 4960 1135 5040 animos
1156 4957 1235 5031 suos
1255 4955 1438 5053 explerent
1452 4979 1464 5049 ;
1479 4983 1565 5056 pro·

491 5132 494 5136 ,
544 5075 634 5140 terea
657 5073 923 5154 congregantur
944 5079 1098 5142 omnes,
1127 5057 1375 5140 &concisum
1407 5063 1479 5153 jam
1502 5083 1564 5157 pe-

515 5081 631 5241 ssilem
653 5176 724 5234 erat
751 5215 771 5248 ,‚
786 5214 819 5248 „.
851 5155 938 5242 sinac
955 5164 987 5230 S.
1002 5155 1400 5245 yoaontstiuysolsomnt
1420 5156 1563 5236 Honris.

515 5269 574 5366 ἃς.
611 5261 647 5344 itt
677 5255 887 5366 Jououern3
916 5259 1018 5360 cujus
1043 5262 1375 5367 interpretationem
1405 5257 1564 5432 giffus‘u‘

1082 5425 1084 5431 ,
1460 5383 1512 5431 Ν·
