3892 6434
494 921 566 1023 De
593 917 864 1010 Sacramento
892 919 1171 1016 Eucharistiae.
1287 858 1389 1035 287Ι

315 1081 398 1171 mot
412 1089 469 1167 ille
485 1114 561 1167 non
580 1093 709 1188 ejet‘rus
730 1094 778 1169 est
794 1092 933 1173 ‚rursus
946 1094 991 1170 ad
1008 1094 1110 1173 uicus
1122 1093 1266 1174 reditur.
1293 1093 1373 1173 Co.

313 1190 489 1292 gnoscens
516 1196 588 1269 boc
614 1195 772 1269 medicus
796 1240 806 1272 2
828 1208 960 1290 purgat
983 1195 1198 1272 humorem,
1218 1197 1371 1274 detrahit

313 1292 476 1378 causam.
505 1294 542 1366 ds
564 1293 659 1369 nulia
687 1311 793 1369 erunt
816 1295 944 1369 ulcera·
982 1294 1088 1370 Unde
1120 1296 1277 1372 abundat
1301 1301 1370 1371 ini·

312 1398 429 1486 quitus
451 1390 467 1465 i
491 1392 553 1468 Per
575 1395 781 1491 superbiam.
812 1393 906 1471 Cura
934 1393 1159 1489 superbiam,
1185 1397 1277 1471 nulia
1298 1400 1368 1472 erit

312 1494 490 1588 iniquitas.
521 1489 571 1566 Ut
585 1515 674 1588 ergo
687 1493 786 1568 causa
803 1496 971 1569 omnium
994 1495 1206 1569 morborum
1227 1518 1365 1571 curare-

313 1610 395 1669 tur,
418 1591 454 1665 id
467 1591 516 1667 est
541 1590 719 1685 superbia,
738 1591 941 1676 descendit,
964 1592 1001 1666 ἃ
1027 1592 1293 1669 humiliandus
1314 1594 1366 1671 en

313 1688 421 1766 Filius
443 1689 523 1767 Dei·
549 1692 651 1790 Quid
678 1692 829 1787 tuperbis
856 1690 1010 1766 homo?
1037 1689 1137 1766 Deus
1160 1708 1366 1788 propterte

310 1789 455 1866 humilis
480 1790 587 1869 fadus
611 1792 670 1867 eii.
697 1791 850 1867 Puderet
871 1810 908 1867 te
935 1787 1080 1865 fortaffe
1104 1792 1232 1865 imitari
1250 1794 1368 1867 humi·
1483 1809 1488 1819 '

310 1890 384 1964 iem
406 1888 617 1971 hominem,
638 1889 754 1964 saitem
780 1895 917 1966 imitare
938 1890 1113 1965 humilem
1133 1887 1265 1965 Deum:
1298 1888 1369 1966 Ve-

309 1994 365 2064 nit
382 1986 489 2065 Filius
515 1988 586 2064 Dei
604 1995 638 2063 iu
661 1992 875 2073 isontium&
896 1991 1040 2066 humilis
1063 1988 1172 2063 riuus
1193 1991 1265 2078 eit3
1280 2011 1370 2117 ppae·

303 2092 445 2185 ‘cipitur
465 2092 555 2174 tibi,
579 2109 618 2165 ut
642 2087 683 2162 lis
706 2092 875 2177 humitis,
915 2114 965 2165 on
991 2090 1194 2183 precipitur
1227 2092 1311 2172 tibi,
1326 2103 1369 2165 ut
1395 2124 1401 2137 ·
1530 2124 1535 2134 ·

307 2210 357 2264 ex
376 2190 528 2265 homine
548 2190 607 2262 iias
619 2211 735 2285 pecus.
777 2191 840 2267 ilie
888 2213 950 2267 eus
967 2187 1077 2266 iatius
1097 2188 1146 2262 est
1167 2186 1303 2268 homo,
1324 2202 1368 2265 tu
1391 2252 1393 2259 .

308 2285 428 2363 homo
448 2289 648 2383 cognosce,
668 2293 751 2385 quia
762 2315 797 2366 es
821 2293 937 2373 bomo
956 2311 968 2382 3
990 2306 1067 2364 tota
1084 2285 1262 2361 humilitas
1278 2303 1363 2373 tua,

306 2403 350 2463 ut
371 2394 629 2482 cognotcaste·
658 2392 753 2487 bigo
765 2394 846 2488 quia
865 2389 1104 2466 humilitatem
1116 2387 1225 2462 docet
1237 2383 1361 2472 Deus,

305 2487 418 2562 dixit:
448 2490 534 2556 Non
561 2509 638 2556 vam
649 2487 761 2576 facere
780 2510 984 2561 votestatem
996 2510 1120 2566 meam
1142 2489 1194 2570 led
1214 2486 1285 2578 ejus
1300 2508 1362 2552 vu-

305 2584 488 2664 ianranm,
510 2590 566 2680 qai
584 2583 672 2676 mitit
690 2612 751 2671 me.
776 2587 866 2668 Hac
888 2592 985 2664 enim
1006 2585 1278 2664 commendatio
1292 2585 1360 2662 bu·

306 2686 464 2762 militatis
476 2686 532 2762 est.
564 2688 733 2784 Superbia
749 2686 977 2789 quippeiacit
1001 2686 1358 2772 voiuntatemsuam,

305 2784 487 2861 humilitas
505 2786 588 2863 tacit
606 2790 826 2867 voluntatem
851 2788 928 2866 Dei·
956 2787 1044 2864 ideo
1068 2786 1149 2881 ,Qui
1170 2790 1212 2854 ad
1230 2808 1280 2855 me
1298 2807 1359 2852 ve-

311 2908 429 2971 neris,
452 2909 514 2955 siun
538 2888 670 2977 ejiciam
688 2889 793 2977 fores.
822 2889 945 2982 Quare
960 2887 979 2967 i
995 2886 1099 2981 Qua
1121 2910 1184 2956 nun
1203 2888 1282 2953 veni
1299 2878 1360 2971 fa·

305 2997 381 3056 tere
404 2985 605 3056 voluntatem
634 3011 737 3058 meam
755 3031 765 3067 ,
782 2990 834 3076 [ed
863 2989 1068 3058 voluntatem
1084 2986 1177 3078 ejus,
1193 2987 1253 3079 qui
1267 2978 1361 3068 misst
1498 3016 1501 3021 ·

306 3106 371 3155 me·
402 3080 556 3162 Humilis
578 3091 682 3166 veni,
707 3086 943 3166 humilitatem
970 3088 1103 3165 docere
1134 3089 1214 3164 veni
1239 3139 1250 3170 ,
1274 3082 1356 3178 Ma·

305 3186 413 3282 gister
436 3187 643 3264 humititatis
660 3193 763 3284 veni;
787 3193 848 3288 qui
870 3189 914 3265 ad
931 3212 989 3265 me
1012 3191 1129 3271 venit,
1144 3191 1355 3280 incorpora·

307 3306 367 3360 rur
386 3288 495 3375 mihi;
519 3289 580 3384 qui
597 3289 642 3363 ad
655 3312 713 3364 me
728 3296 846 3376 venit,
866 3289 1009 3368 humilis
1026 3288 1088 3382 tit3
1111 3290 1173 3389 qui
1189 3284 1276 3397 mibi
1290 3282 1355 3360 ad·

305 3383 435 3471 haeret,
455 3386 595 3481 humitis
610 3392 696 3482 erit;
718 3394 799 3488 quia
815 3414 889 3467 non
901 3392 984 3467 t'acit
997 3391 1217 3468 voluntatem
1232 3390 1353 3470 tuam.

304 3484 365 3559 ied
387 3481 484 3565 Deis
505 3485 639 3564 &ideo
662 3513 736 3566 non
764 3494 920 3586 ejicietur
939 3494 1061 3572 toras,
1084 3495 1164 3587 quia
1187 3510 1271 3566 cum
1298 3484 1353 3563 t'u·

305 3585 438 3681 petbus
458 3582 572 3669 aflet,
595 3590 770 3684 projedus
797 3594 846 3668 eii
876 3594 978 3669 ibras.
995 3649 1026 3667 ..
1056 3590 1198 3669 Ductor
1233 3596 1354 3685 itaque

306 3682 516 3756 humititatis
540 3692 634 3763 venit
662 3714 737 3765 uon
766 3691 879 3768 facere
907 3694 1128 3769 voluntatem
1147 3692 1269 3769 tunna.
1293 3684 1351 3763 ted

306 3781 636 3876 V0¹⁰sst³10meiu⁵‚
657 3794 717 3887 qui
731 3791 821 3868 misit
836 3794 947 3872 iilum.
981 3790 1172 3869 Veniamus
1190 3786 1232 3860 ad
1248 3806 1350 3873 crini.

305 3882 483 3956 intremus
503 3884 547 3955 ad
569 3907 649 3959 eum
672 3943 683 3973 ,
707 3891 979 3993 incorporemus
997 3898 1027 3969 ei
1045 3944 1055 3976 ‚
1072 3910 1110 3966 ut
1128 3908 1194 3960 nec
1216 3906 1281 3959 nus
1301 3884 1352 3965 iit·

304 3982 441 4054 ciamus
473 3981 689 4063 voluntatem
714 3994 896 4079 nostram,
923 3994 979 4069 i'ed
1007 3992 1228 4064 voluntatem
1258 3980 1350 4083 tiata

304 4080 343 4154 ds
366 4101 443 4154 non
464 4102 530 4155 nos
552 4085 663 4176 ejiciet
684 4090 809 4179 iuras,
833 4099 914 4192 quia
935 4089 1092 4166 membra
1111 4085 1185 4173 ejus
1210 4079 1348 4171 iunius,

303 4184 388 4279 quia
400 4175 518 4274 Caput
534 4184 691 4262 nostrum
709 4188 776 4267 effe
791 4197 905 4268 votuit
916 4189 1083 4267 docendo
1101 4179 1349 4263 humilitatem.

302 4280 361 4357 ad
388 4296 586 4357 extremum
610 4289 724 4382 ipsum
754 4294 873 4368 audite
898 4291 1203 4366 concionantem2
1229 4279 1346 4361 Venire
1366 4289 1535 4375 ua,

301 4390 342 4449 ad
371 4400 441 4455 me,
465 4386 521 4472 qui
547 4381 731 4469 laboratis,
757 4398 799 4464 <a
825 4393 953 4460 onerati
979 4383 1082 4461 edim
1107 4377 1211 4444 toilite
1228 4378 1344 4480 jug..

300 4502 408 4552 meum
426 4477 520 4570 saper
540 4506 622 4572 vos,
643 4498 685 4560 (φ
709 4490 857 4576 discitea
879 4512 956 4570 ine,
985 4483 1062 4574 quis
1083 4477 1175 4544 mitis
1190 4476 1279 4569 sun,
1295 4498 1342 4563 ρ.

301 4577 439 4651 humilis
454 4586 558 4650 corde.
588 4584 733 4663 Etcum
761 4589 834 4663 h'oc
855 4584 1068 4663 diductius,
1089 4579 1262 4657 invenieris
1279 4613 1337 4669 η.

300 4684 423 4776 quiem
444 4682 624 4761 animabus
645 4688 788 4766 vestris,
806 4687 901 4763 unde
923 4708 997 4759 non
1021 4678 1200 4773 ejiciamini
1214 4680 1329 4769 in:

298 4784 402 4873 Qua
418 4784 558 4861 dependi·
576 4793 614 4852 de
629 4810 702 4855 τιτι)
716 4839 724 4858 .
739 4813 799 4854 trun
811 4814 845 4852 ur
859 4784 982 4873 fariam
1001 4796 1194 4847 veturium
1207 4800 1456 4877 ”ualuas
1480 4822 1524 4883 ς,

291 4885 349 4972 sea
373 4884 575 4957 antuniana
603 4883 673 4977 ejus
690 4931 702 4970 ‚
720 4890 777 4981 qui
798 4884 885 4975 milit
908 4908 968 4956 mr.
1009 4876 1240 4959 Humidum
1256 4896 1327 4971 ἀς..

1194 5004 1291 5077 ιιι-ς
