3892 6434
469 926 543 1033 De
575 930 846 1041 sacramento
873 930 1150 1030 Eucharistiae.
1283 956 1363 1045 tts

303 1106 454 1207 guinem
472 1104 543 1183 fide
563 1107 691 1205 pariter
713 1106 968 1202 percipiebant.
992 1103 1299 1206 quemadmodum
1325 1108 1360 1189 ie

304 1210 489 1307 percipere
520 1204 719 1291 Caluinistae
743 1206 954 1303 gloriantur·
1478 1206 1480 1211 ’

357 1304 547 1389 Secundo,
568 1305 739 1387 verbailla
753 1303 880 1383 Christi
900 1305 1051 1390 dubium
1064 1308 1266 1394 excitarunt
1278 1329 1362 1405 gra-

303 1404 482 1484 villlmum
497 1408 534 1483 ln
549 1402 759 1507 Judaeotum
772 1408 911 1485 animis.
939 1399 1135 1579 Littlffabant
1147 1430 1224 1500 ergo
1242 1407 1363 1496 Judstl

303 1512 347 1577 aa
369 1508 513 1577 invicem
537 1509 709 1587 dicentes:
735 1502 914 1603 Quomodo
928 1523 1006 1598 pote
1047 1505 1104 1576 hic
1117 1503 1207 1577 nobit
1220 1510 1360 1579 Camena

300 1604 393 1697 [tuam
421 1609 500 1675 dare
525 1609 567 1675 aa
591 1608 844 1676 manducandum
870 1598 884 1673 l
906 1606 954 1681 At
979 1601 1128 1682 dubium
1154 1604 1358 1703 hujusmodl

303 1728 383 1785 non
402 1702 583 1785 excitasset
597 1704 746 1801 figurata
765 1706 903 1783 locutio
917 1759 928 1790 ‚
942 1727 1012 1803 qun
1037 1702 1197 1783 Christos
1228 1730 1359 1809 panem

301 1804 525 1901 induturum
551 1804 771 1905 fignificoiiet
798 1806 842 1881 ad
868 1802 1180 1903 repraesentandam
1202 1803 1358 1893 Carnem

301 1904 424 1984 fuam,
443 1907 481 1982 de
501 1904 545 1983 ad
561 1907 611 1983 sui
635 1908 847 1983 memoriam
870 1905 1045 1982 duntaxat
1068 1906 1303 1983 excitandam.

354 2002 482 2082 Tettio
498 2055 508 2088 ‚
522 2002 736 2107 Judaeotum
750 2007 960 2104 opinionem
975 2005 1069 2080 iilam
1084 2004 1130 2087 de
1155 2028 1231 2079 vera
1251 2002 1357 2085 Chri·

302 2105 344 2185 sti
364 2103 482 2182 Carne
498 2104 578 2203 iplis
595 2110 631 2183 in
650 2107 770 2185 cibum
788 2105 925 2191 danda,
945 2104 1107 2181 Salvator
1117 2107 1263 2181 minime
1273 2126 1357 2181 cor·

302 2207 420 2290 rexit,
443 2207 559 2283 immo
583 2205 845 2292 confirmavit,
875 2205 912 2280 &
940 2203 1200 2288 dubitationem
1228 2227 1357 2283 eorum

301 2303 555 2402 reprehendit,
571 2329 714 2382 curnem
726 2305 821 2382 suam
843 2304 1010 2381 daturum
1022 2302 1056 2381 se
1074 2301 1243 2391 afferens,
1258 2303 1356 2403 quasi

300 2404 514 2502 interposito
533 2404 781 2503 jurejurando:
798 2412 903 2477 Amen
918 2447 929 2483 ,
943 2408 1048 2476 Amen
1059 2404 1132 2474 lico
1143 2400 1237 2475 vobis
1249 2425 1259 2473 e
1271 2400 1356 2490 Nili

301 2509 583 2577 manducaveritis
608 2509 745 2575 Carnem
763 2506 847 2581 Filii
868 2506 1083 2591 hominnm
1106 2499 1259 2575 biberitis
1283 2527 1356 2596 esus

303 2606 500 2699 Sanguinem
526 2659 537 2691 ,
559 2628 623 2675 non
645 2600 806 2675 habebitis
840 2609 949 2676 vitant
986 2607 1021 2675 in
1051 2601 1157 2679 vobis.
1194 2610 1357 2676 Homines

303 2706 454 2802 (inquit
466 2705 711 2802 Apostolutad
725 2702 836 2785 Hebe.
846 2702 882 2776 6.
895 2703 976 2793 )ριν
987 2704 1142 2795 majorem
1148 2703 1201 2791 sai
1207 2705 1354 2797 jurant3

302 2810 464 2887 &amnis
493 2803 716 2893 controvetftae
733 2827 844 2876 eorum
867 2799 945 2889 finis
973 2809 1015 2874 acl
1041 2801 1353 2897 confirmationem,

302 2901 348 2988 cll
361 2906 596 2999 juramentum.
622 2910 662 2977 In
679 2927 741 3000 quo
758 2902 977 2977 abundantius
996 2904 1109 2974 volens
1132 2908 1225 2976 Deus
1251 2901 1355 2980 olien-

303 3009 380 3103 δεῖ(
393 3006 640 3099 pollicitationis
662 3002 840 3078 heredibus
859 3001 1122 3076 immobilitatem
1140 3000 1265 3089 confilii
1275 3001 1351 3091 lai¹

303 3106 498 3198 interposuit
507 3106 739 3200 jusjurandum
750 3126 809 3187 ,·ut
830 3108 978 3198 perducas
993 3127 1044 3176 tes
1059 3098 1261 3192 immobiles,
1278 3106 1355 3198 qai.

303 3202 364 3278 bas
385 3204 574 3301 impoffibt'le
589 3203 633 3286 est
649 3209 786 3277 mentiri
816 3210 947 3292 Deum,
964 3200 1175 3299 foniffimam
1197 3203 1354 3292 solatium

302 3302 489 3378 babeamus·
517 3304 561 3384 tt
575 3324 616 3383 ut
629 3306 874 3383 obstinatiores
886 3301 1080 3391 infidelium
1094 3307 1201 3385 animi
1218 3302 1262 3382 ad
1275 3328 1354 3381 erm

304 3406 465 3487 (lendum
485 3404 679 3485 tenantur.
701 3464 724 3499 „
746 3402 784 3483 O
806 3412 927 3484 beatos
952 3431 1019 3481 nos
1035 3456 1045 3488 ‚
1061 3429 1218 3504 quorum
1253 3403 1356 3482 causo

302 3504 440 3601 „Deus
452 3508 569 3601 iurat!
588 3503 625 3584 Ο
639 3530 704 3583 nos
716 3504 930 3583 miserrimos
942 3505 990 3593 ,fi
1007 3529 1072 3583 nec
1081 3508 1209 3601 juranti
1221 3502 1354 3582 Domi·¹

302 3661 327 3700 ‚,
340 3629 391 3682 no
402 3607 578 3684 credimus
590 3662 611 3697 „
622 3605 639 3697 l
651 3614 760 3699 inquit
770 3606 992 3678 Tertullianus
1002 3606 1059 3683 lib.
1074 3613 1110 3673 da
1122 3604 1352 3699 l'oent'temta.)

355 3704 519 3807 Quarto,
540 3705 733 3802 Responsio
760 3704 888 3783 Christi
913 3708 1009 3787 inre
1034 3709 1122 3785 tanti
1149 3709 1354 3795 momenti,t

303 3805 367 3882 ubi
390 3810 556 3884 nimirum
574 3806 689 3903 legem
707 3809 964 3894 condebat,ac·
977 3820 1195 3902 ptaeceptnm
1218 3805 1351 3895 dabat,

303 3907 534 4001 ambagibus,
551 3902 672 4002 figuris
689 3904 858 3989 inusitatis
878 3961 890 3993 ,
914 3928 956 3980 oc
980 3907 1080 3980 omni
1102 3906 1224 4002 prosus
1241 3906 1355 4003 aeqni·

304 4010 497 4080 vocatione
519 4028 638 4082 carere
656 4007 797 4093 debuit,
824 4030 868 4082 ne
885 4005 1031 4081 summm
1055 4002 1221 4080 Veritatis
1244 4007 1352 4083 verba

303 4102 350 4179 ad
374 4104 545 4181 tollendos
568 4109 688 4204 potius
726 4130 832 4205 quom
864 4106 907 4182 ad
938 4106 1152 4181 erudiendos
1185 4104 1351 4179 homines

303 4202 473 4280 destinata
498 4204 712 4283 viderentur.
740 4204 864 4284 Comi
894 4211 963 4289 itm
982 4202 1173 4300 planissimo
1197 4204 1348 4289 dixerim

301 4300 387 4390 Nm
396 4305 531 4377 manduc
552 4305 823 4384 veritisCatncm
839 4230 920 4377 flu·
949 4306 1111 4387 bominis,
1133 4307 1175 4375 (μ’
1201 4300 1358 4379 libentis

302 4403 375 4495 ejus
386 4409 600 4497 Sanguinem,
614 4429 674 4476 non
691 4402 850 4490 babebitis
865 4416 975 4475 vitam
995 4410 1030 4473 in
1048 4403 1160 4488 vobis,
1179 4425 1283 4487 vera,
1311 4401 1350 4475 dt

302 4501 403 4582 realis
430 4504 661 4590 manducatio
682 4500 793 4583 cainis
819 4504 945 4584 Christi
968 4504 1022 4581 his
1041 4506 1153 4585 uerbis
1180 4506 1353 4597 imperata

303 4602 436 4682 censeri
456 4604 576 4681 debet.
614 4606 781 4684 Solemne
797 4606 863 4683 luit
879 4604 1050 4691 Christo,
1072 4608 1177 4678 etium
1201 4625 1291 4678 cum.
1304 4602 1352 4677 de

302 4705 409 4781 rebus
426 4706 573 4781 minoris
595 4707 770 4782 momenti
788 4723 928 4804 ageret,
943 4720 984 4782 ut
1007 4702 1030 4779 st
1063 4703 1148 4803 quid
1173 4702 1349 4799 figurate.¹

304 4802 343 4877 &
372 4802 521 4883 obscure
543 4802 712 4893 dixisset,
738 4805 932 4905 aliquando
958 4820 1103 4901 togatus
1130 4852 1142 4886 ‚
1171 4802 1355 4885 interdum

303 4900 433 5003 sponte
462 4903 668 5007 explicaret.
713 4902 874 5093 Differat
893 4902 1088 5015 discipulis.
1108 4894 1367 5077 (Ῑοεηὶάισ.)ὲ

884 5148 902 5197 x
1045 5152 1048 5161 .
1308 5142 1319 5165 t
