<?xml version="1.0" encoding="UTF-8"?>
<!DOCTYPE html PUBLIC "-//W3C//DTD XHTML 1.0 Transitional//EN"
    "http://www.w3.org/TR/xhtml1/DTD/xhtml1-transitional.dtd">
<html xmlns="http://www.w3.org/1999/xhtml" xml:lang="en" lang="en">
 <head>
  <title>
</title>
<meta http-equiv="Content-Type" content="text/html;charset=utf-8" />
  <meta name='ocr-system' content='tesseract 3.04.00' />
  <meta name='ocr-capabilities' content='ocr_page ocr_carea ocr_par ocr_line ocrx_word'/>
</head>
<body>
  <div class='ocr_page' id='page_1' title='image "./theologiadogmat03alexgoog_0168.png"; bbox 0 0 3892 6434; ppageno 0'>
   <div class='ocr_carea' id='block_1_1' title="bbox 326 698 1699 1024">
    <p class='ocr_par' dir='ltr' id='par_1_1' title="bbox 326 698 1699 1024">
     <span class='ocr_line' id='line_1_1' title="bbox 326 698 1699 1024; baseline -0.004 -2"><span class='ocrx_word' id='word_1_1' title='bbox 326 698 1699 1024; x_wconf 56' lang='grc' dir='ltr'><strong>μ</strong></span> 
     </span>
    </p>
   </div>
   <div class='ocr_carea' id='block_1_2' title="bbox 581 1287 1655 1550">
    <p class='ocr_par' dir='ltr' id='par_1_2' title="bbox 581 1287 1655 1550">
     <span class='ocr_line' id='line_1_2' title="bbox 581 1287 1655 1422; baseline 0.004 -34"><span class='ocrx_word' id='word_1_2' title='bbox 581 1321 700 1409; x_wconf 73' lang='lat' dir='ltr'>ru</span> <span class='ocrx_word' id='word_1_3' title='bbox 779 1287 934 1388; x_wconf 87' lang='lat' dir='ltr'>Theoi.</span> <span class='ocrx_word' id='word_1_4' title='bbox 961 1291 1080 1406; x_wconf 60' lang='lat' dir='ltr'>D&#39;ogj</span> <span class='ocrx_word' id='word_1_5' title='bbox 1103 1292 1314 1388; x_wconf 75' lang='lat' dir='ltr'>omont.</span> <span class='ocrx_word' id='word_1_6' title='bbox 1332 1295 1430 1396; x_wconf 79' lang='lat' dir='ltr'>Lm·</span> <span class='ocrx_word' id='word_1_7' title='bbox 1448 1291 1507 1392; x_wconf 83' lang='lat' dir='ltr'>n.</span> <span class='ocrx_word' id='word_1_8' title='bbox 1591 1389 1594 1398; x_wconf 82' lang='grc'><em>,</em></span> <span class='ocrx_word' id='word_1_9' title='bbox 1652 1417 1655 1422; x_wconf 14' lang='lat'><strong>⁴</strong></span> 
     </span>
     <span class='ocr_line' id='line_1_3' title="bbox 772 1463 1561 1550; baseline 0.001 -1"><span class='ocrx_word' id='word_1_10' title='bbox 772 1464 1493 1550; x_wconf 75' lang='lat' dir='ltr'>CONsEcTn-Rtumvu·</span> <span class='ocrx_word' id='word_1_11' title='bbox 1558 1463 1561 1468; x_wconf 69' lang='grc'><strong>’</strong></span> 
     </span>
    </p>
   </div>
   <div class='ocr_carea' id='block_1_3' title="bbox 611 1622 1660 2022">
    <p class='ocr_par' dir='ltr' id='par_1_3' title="bbox 611 1622 1660 2022">
     <span class='ocr_line' id='line_1_4' title="bbox 614 1622 1658 1788; baseline 0.004 -85"><span class='ocrx_word' id='word_1_12' title='bbox 614 1625 719 1788; x_wconf 85' lang='lat' dir='ltr'>Pie</span> <span class='ocrx_word' id='word_1_13' title='bbox 745 1625 782 1702; x_wconf 74' lang='grc' dir='ltr'>δι</span> <span class='ocrx_word' id='word_1_14' title='bbox 809 1623 969 1724; x_wconf 76' lang='lat' dir='ltr'>religiose</span> <span class='ocrx_word' id='word_1_15' title='bbox 992 1623 1190 1703; x_wconf 75' lang='lat' dir='ltr'><strong>admodum</strong></span> <span class='ocrx_word' id='word_1_16' title='bbox 1218 1623 1277 1703; x_wconf 89' lang='lat' dir='ltr'>hic</span> <span class='ocrx_word' id='word_1_17' title='bbox 1300 1625 1464 1705; x_wconf 76' lang='lat' dir='ltr'>indullur</span> <span class='ocrx_word' id='word_1_18' title='bbox 1489 1650 1569 1704; x_wconf 84' lang='lat' dir='ltr'>uros</span> <span class='ocrx_word' id='word_1_19' title='bbox 1587 1622 1658 1715; x_wconf 80' lang='lat' dir='ltr'>cll,</span> 
     </span>
     <span class='ocr_line' id='line_1_5' title="bbox 703 1722 1659 1826; baseline 0.003 -22"><span class='ocrx_word' id='word_1_20' title='bbox 703 1742 743 1804; x_wconf 93' lang='lat' dir='ltr'>ut</span> <span class='ocrx_word' id='word_1_21' title='bbox 762 1722 904 1822; x_wconf 83' lang='lat' dir='ltr'>lingulis</span> <span class='ocrx_word' id='word_1_22' title='bbox 921 1727 1021 1802; x_wconf 83' lang='lat' dir='ltr'>annis</span> <span class='ocrx_word' id='word_1_23' title='bbox 1042 1725 1209 1822; x_wconf 84' lang='lat' dir='ltr'>peculiari</span> <span class='ocrx_word' id='word_1_24' title='bbox 1231 1729 1411 1826; x_wconf 88' lang='lat' dir='ltr'>quodam,</span> <span class='ocrx_word' id='word_1_25' title='bbox 1427 1730 1465 1804; x_wconf 88' lang='lat'>&amp;</span> <span class='ocrx_word' id='word_1_26' title='bbox 1484 1725 1586 1806; x_wconf 82' lang='lat' dir='ltr'>Fello</span> <span class='ocrx_word' id='word_1_27' title='bbox 1600 1735 1659 1808; x_wconf 87' lang='lat' dir='ltr'>die</span> 
     </span>
     <span class='ocr_line' id='line_1_6' title="bbox 612 1821 1658 1927; baseline 0.003 -24"><span class='ocrx_word' id='word_1_28' title='bbox 612 1824 816 1927; x_wconf 75' lang='lat' dir='ltr'>praecelsum</span> <span class='ocrx_word' id='word_1_29' title='bbox 837 1880 848 1910; x_wconf 90' lang='lat'><strong>,</strong></span> <span class='ocrx_word' id='word_1_30' title='bbox 869 1827 905 1900; x_wconf 74' lang='grc' dir='ltr'>δι</span> <span class='ocrx_word' id='word_1_31' title='bbox 929 1826 1126 1902; x_wconf 82' lang='lat' dir='ltr'>venerabile</span> <span class='ocrx_word' id='word_1_32' title='bbox 1146 1821 1367 1904; x_wconf 72' lang='lat' dir='ltr'>Eucharistiae</span> <span class='ocrx_word' id='word_1_33' title='bbox 1390 1829 1658 1906; x_wconf 81' lang='lat' dir='ltr'>Sacramentum</span> 
     </span>
     <span class='ocr_line' id='line_1_7' title="bbox 611 1924 1660 2022; baseline 0.002 -20"><span class='ocrx_word' id='word_1_34' title='bbox 611 1925 775 2022; x_wconf 82' lang='lat' dir='ltr'>lingulati</span> <span class='ocrx_word' id='word_1_35' title='bbox 789 1927 1034 2008; x_wconf 84' lang='lat' dir='ltr'>veneratione,</span> <span class='ocrx_word' id='word_1_36' title='bbox 1048 1948 1089 2000; x_wconf 93' lang='lat' dir='ltr'>ac</span> <span class='ocrx_word' id='word_1_37' title='bbox 1099 1924 1317 2003; x_wconf 86' lang='lat' dir='ltr'>solemnitate</span> <span class='ocrx_word' id='word_1_38' title='bbox 1336 1926 1586 2010; x_wconf 75' lang='lat' dir='ltr'>celebraretur,</span> <span class='ocrx_word' id='word_1_39' title='bbox 1600 1947 1660 2004; x_wconf 87' lang='lat' dir='ltr'>ut·</span> 
     </span>
    </p>
   </div>
   <div class='ocr_carea' id='block_1_4' title="bbox 543 2021 1659 2128">
    <p class='ocr_par' dir='ltr' id='par_1_4' title="bbox 543 2021 1659 2128">
     <span class='ocr_line' id='line_1_8' title="bbox 543 2021 1659 2128; baseline 0.001 -25"><span class='ocrx_word' id='word_1_40' title='bbox 543 2047 545 2052; x_wconf 82' lang='lat'>·</span> <span class='ocrx_word' id='word_1_41' title='bbox 614 2049 686 2128; x_wconf 85' lang='lat' dir='ltr'>que</span> <span class='ocrx_word' id='word_1_42' title='bbox 714 2028 749 2104; x_wconf 89' lang='lat' dir='ltr'>in</span> <span class='ocrx_word' id='word_1_43' title='bbox 773 2021 1054 2101; x_wconf 84' lang='lat' dir='ltr'>Procellronibus</span> <span class='ocrx_word' id='word_1_44' title='bbox 1080 2043 1315 2112; x_wconf 58' lang='lat' dir='ltr'>reverenter„</span> <span class='ocrx_word' id='word_1_45' title='bbox 1330 2025 1367 2101; x_wconf 73' lang='grc' dir='ltr'><strong><em>ἂ</em></strong></span> <span class='ocrx_word' id='word_1_46' title='bbox 1392 2026 1593 2104; x_wconf 88' lang='lat' dir='ltr'>honorilice</span> <span class='ocrx_word' id='word_1_47' title='bbox 1617 2029 1659 2104; x_wconf 81' lang='lat' dir='ltr'>il·</span> 
     </span>
    </p>
   </div>
   <div class='ocr_carea' id='block_1_5' title="bbox 610 2123 1660 3518">
    <p class='ocr_par' dir='ltr' id='par_1_5' title="bbox 614 2123 1512 2223">
     <span class='ocr_line' id='line_1_9' title="bbox 614 2123 1512 2223; baseline -0.003 -21"><span class='ocrx_word' id='word_1_48' title='bbox 614 2126 674 2205; x_wconf 94' lang='lat' dir='ltr'>lud</span> <span class='ocrx_word' id='word_1_49' title='bbox 695 2148 757 2223; x_wconf 88' lang='lat' dir='ltr'>per</span> <span class='ocrx_word' id='word_1_50' title='bbox 779 2126 874 2208; x_wconf 82' lang='lat' dir='ltr'>rias.</span> <span class='ocrx_word' id='word_1_51' title='bbox 896 2129 930 2198; x_wconf 68' lang='grc' dir='ltr'><strong>ἃ</strong></span> <span class='ocrx_word' id='word_1_52' title='bbox 954 2123 1034 2198; x_wconf 88' lang='lat' dir='ltr'>luca</span> <span class='ocrx_word' id='word_1_53' title='bbox 1056 2124 1197 2219; x_wconf 86' lang='lat' dir='ltr'>publica</span> <span class='ocrx_word' id='word_1_54' title='bbox 1220 2128 1512 2202; x_wconf 82' lang='lat' dir='ltr'>circumferretur.</span> 
     </span>
    </p>

    <p class='ocr_par' dir='ltr' id='par_1_6' title="bbox 610 2211 1660 3496">
     <span class='ocr_line' id='line_1_10' title="bbox 664 2211 1659 2322; baseline -0.011 -19"><span class='ocrx_word' id='word_1_55' title='bbox 664 2226 714 2303; x_wconf 91' lang='lat' dir='ltr'>lta</span> <span class='ocrx_word' id='word_1_56' title='bbox 723 2223 813 2301; x_wconf 84' lang='lat' dir='ltr'>sacra</span> <span class='ocrx_word' id='word_1_57' title='bbox 824 2211 1098 2322; x_wconf 66' lang='lat' dir='ltr'>b&#39;ynoduoTriff·</span> <span class='ocrx_word' id='word_1_58' title='bbox 1122 2217 1204 2300; x_wconf 83' lang='lat' dir='ltr'>seff.</span> <span class='ocrx_word' id='word_1_59' title='bbox 1229 2245 1282 2300; x_wconf 92' lang='lat' dir='ltr'>rr.</span> <span class='ocrx_word' id='word_1_60' title='bbox 1305 2248 1382 2321; x_wconf 85' lang='lat' dir='ltr'>cap.</span> <span class='ocrx_word' id='word_1_61' title='bbox 1401 2221 1437 2296; x_wconf 89' lang='grc'>6.</span> <span class='ocrx_word' id='word_1_62' title='bbox 1454 2221 1659 2321; x_wconf 85' lang='lat' dir='ltr'>„,‚AEquis.</span> 
     </span>
     <span class='ocr_line' id='line_1_11' title="bbox 611 2315 1658 2424; baseline -0.006 -17"><span class='ocrx_word' id='word_1_63' title='bbox 611 2321 740 2402; x_wconf 80' lang='lat' dir='ltr'>fimum</span> <span class='ocrx_word' id='word_1_64' title='bbox 758 2327 852 2399; x_wconf 81' lang='lat' dir='ltr'>enim</span> <span class='ocrx_word' id='word_1_65' title='bbox 867 2322 937 2407; x_wconf 75' lang='lat' dir='ltr'>est,</span> <span class='ocrx_word' id='word_1_66' title='bbox 955 2323 1120 2416; x_wconf 78' lang='lat' dir='ltr'>&#39;(¹‘nquir)</span> <span class='ocrx_word' id='word_1_67' title='bbox 1146 2323 1260 2400; x_wconf 79' lang='lat' dir='ltr'>sacros</span> <span class='ocrx_word' id='word_1_68' title='bbox 1276 2325 1412 2424; x_wconf 78' lang='lat' dir='ltr'>aliquos</span> <span class='ocrx_word' id='word_1_69' title='bbox 1424 2325 1570 2402; x_wconf 84' lang='lat' dir='ltr'>statutos</span> <span class='ocrx_word' id='word_1_70' title='bbox 1589 2315 1658 2401; x_wconf 76' lang='lat' dir='ltr'>effa</span> 
     </span>
     <span class='ocr_line' id='line_1_12' title="bbox 611 2418 1659 2522; baseline -0.002 -22"><span class='ocrx_word' id='word_1_71' title='bbox 611 2423 684 2500; x_wconf 87' lang='lat' dir='ltr'>dies</span> <span class='ocrx_word' id='word_1_72' title='bbox 697 2481 708 2512; x_wconf 92' lang='lat'>,</span> <span class='ocrx_word' id='word_1_73' title='bbox 720 2423 848 2520; x_wconf 90' lang='lat' dir='ltr'>quibus</span> <span class='ocrx_word' id='word_1_74' title='bbox 868 2418 1055 2500; x_wconf 79' lang='lat' dir='ltr'>Christiani</span> <span class='ocrx_word' id='word_1_75' title='bbox 1070 2444 1197 2499; x_wconf 83' lang='lat' dir='ltr'>omnes</span> <span class='ocrx_word' id='word_1_76' title='bbox 1218 2421 1400 2522; x_wconf 82' lang='lat' dir='ltr'>lingulati,</span> <span class='ocrx_word' id='word_1_77' title='bbox 1417 2447 1460 2500; x_wconf 84' lang='lat' dir='ltr'>ac</span> <span class='ocrx_word' id='word_1_78' title='bbox 1478 2448 1550 2501; x_wconf 85' lang='lat' dir='ltr'>rara</span> <span class='ocrx_word' id='word_1_79' title='bbox 1569 2446 1659 2522; x_wconf 84' lang='lat' dir='ltr'>qua-</span> 
     </span>
     <span class='ocr_line' id='line_1_13' title="bbox 610 2521 1659 2619; baseline -0.002 -19"><span class='ocrx_word' id='word_1_80' title='bbox 610 2526 692 2600; x_wconf 89' lang='lat' dir='ltr'>dam</span> <span class='ocrx_word' id='word_1_81' title='bbox 713 2521 965 2619; x_wconf 86' lang='lat' dir='ltr'>lignilicatiune</span> <span class='ocrx_word' id='word_1_82' title='bbox 983 2535 1126 2618; x_wconf 60' lang='lat' dir='ltr'>gutur,</span> <span class='ocrx_word' id='word_1_83' title='bbox 1151 2523 1188 2598; x_wconf 74' lang='lat' dir='ltr'>u</span> <span class='ocrx_word' id='word_1_84' title='bbox 1211 2547 1387 2600; x_wconf 79' lang='lat' dir='ltr'>memores</span> <span class='ocrx_word' id='word_1_85' title='bbox 1402 2526 1566 2602; x_wconf 87' lang='lat' dir='ltr'>tellentur</span> <span class='ocrx_word' id='word_1_86' title='bbox 1583 2525 1659 2598; x_wconf 88' lang='lat' dir='ltr'>ani·</span> 
     </span>
     <span class='ocr_line' id='line_1_14' title="bbox 610 2618 1651 2718; baseline 0.001 -20"><span class='ocrx_word' id='word_1_87' title='bbox 610 2645 691 2699; x_wconf 81' lang='lat' dir='ltr'>uros</span> <span class='ocrx_word' id='word_1_88' title='bbox 712 2645 795 2718; x_wconf 86' lang='lat' dir='ltr'>erga</span> <span class='ocrx_word' id='word_1_89' title='bbox 818 2644 1051 2717; x_wconf 87' lang='lat' dir='ltr'>communem</span> <span class='ocrx_word' id='word_1_90' title='bbox 1069 2618 1295 2700; x_wconf 71' lang='lat' dir='ltr'>Dominum,</span> <span class='ocrx_word' id='word_1_91' title='bbox 1315 2625 1352 2701; x_wconf 71' lang='grc' dir='ltr'><strong>ἃ</strong></span> <span class='ocrx_word' id='word_1_92' title='bbox 1369 2622 1651 2718; x_wconf 82' lang='lat' dir='ltr'>Redempturem</span> 
     </span>
     <span class='ocr_line' id='line_1_15' title="bbox 610 2719 1659 2821; baseline 0.001 -23"><span class='ocrx_word' id='word_1_93' title='bbox 610 2746 678 2821; x_wconf 87' lang='lat' dir='ltr'>pru</span> <span class='ocrx_word' id='word_1_94' title='bbox 697 2736 768 2796; x_wconf 88' lang='lat' dir='ltr'>tarn</span> <span class='ocrx_word' id='word_1_95' title='bbox 790 2719 984 2807; x_wconf 79' lang='lat' dir='ltr'>ineffabili,</span> <span class='ocrx_word' id='word_1_96' title='bbox 1008 2721 1172 2820; x_wconf 85' lang='lat' dir='ltr'>&amp;plane</span> <span class='ocrx_word' id='word_1_97' title='bbox 1202 2721 1324 2800; x_wconf 83' lang='lat' dir='ltr'>divino</span> <span class='ocrx_word' id='word_1_98' title='bbox 1352 2723 1547 2814; x_wconf 70' lang='lat' dir='ltr'>bertelino,</span> <span class='ocrx_word' id='word_1_99' title='bbox 1580 2746 1659 2820; x_wconf 87' lang='lat' dir='ltr'>quu</span> 
     </span>
     <span class='ocr_line' id='line_1_16' title="bbox 611 2819 1660 2922; baseline 0 -23"><span class='ocrx_word' id='word_1_100' title='bbox 611 2822 737 2899; x_wconf 81' lang='lat' dir='ltr'>mortio</span> <span class='ocrx_word' id='word_1_101' title='bbox 751 2821 824 2914; x_wconf 87' lang='lat' dir='ltr'>ejus</span> <span class='ocrx_word' id='word_1_102' title='bbox 845 2819 1006 2904; x_wconf 72' lang='lat' dir='ltr'>ultoria,</span> <span class='ocrx_word' id='word_1_103' title='bbox 1026 2822 1062 2896; x_wconf 72' lang='grc' dir='ltr'>ἃ</span> <span class='ocrx_word' id='word_1_104' title='bbox 1081 2822 1281 2919; x_wconf 85' lang='lat' dir='ltr'>triumphus</span> <span class='ocrx_word' id='word_1_105' title='bbox 1294 2823 1565 2922; x_wconf 74' lang='lat' dir='ltr'>representatur·</span> <span class='ocrx_word' id='word_1_106' title='bbox 1591 2823 1660 2899; x_wconf 80' lang='lat' dir='ltr'>At·</span> 
     </span>
     <span class='ocr_line' id='line_1_17' title="bbox 610 2916 1660 3097; baseline 0.001 -101"><span class='ocrx_word' id='word_1_107' title='bbox 610 2944 684 3097; x_wconf 62' lang='grc' dir='ltr'>3ου</span> <span class='ocrx_word' id='word_1_108' title='bbox 700 2916 748 2995; x_wconf 89' lang='lat' dir='ltr'>src</span> <span class='ocrx_word' id='word_1_109' title='bbox 768 2918 912 3016; x_wconf 88' lang='lat' dir='ltr'>quidem</span> <span class='ocrx_word' id='word_1_110' title='bbox 925 2923 1089 3018; x_wconf 90' lang='lat' dir='ltr'>oportuit</span> <span class='ocrx_word' id='word_1_111' title='bbox 1110 2921 1285 2998; x_wconf 79' lang='lat' dir='ltr'>villricem</span> <span class='ocrx_word' id='word_1_112' title='bbox 1301 2926 1481 2999; x_wconf 76' lang='lat' dir='ltr'>veritatem</span> <span class='ocrx_word' id='word_1_113' title='bbox 1497 2925 1541 2997; x_wconf 88' lang='lat' dir='ltr'>de</span> <span class='ocrx_word' id='word_1_114' title='bbox 1556 2945 1660 2997; x_wconf 81' lang='lat' dir='ltr'>men·</span> 
     </span>
     <span class='ocr_line' id='line_1_18' title="bbox 639 3017 1660 3117; baseline 0 -21"><span class='ocrx_word' id='word_1_115' title='bbox 639 3022 738 3106; x_wconf 87' lang='lat' dir='ltr'>acio,</span> <span class='ocrx_word' id='word_1_116' title='bbox 760 3021 796 3093; x_wconf 73' lang='grc' dir='ltr'>δι</span> <span class='ocrx_word' id='word_1_117' title='bbox 822 3017 937 3094; x_wconf 83' lang='lat' dir='ltr'>lraerelr</span> <span class='ocrx_word' id='word_1_118' title='bbox 962 3017 1182 3113; x_wconf 88' lang='lat' dir='ltr'>triumphum</span> <span class='ocrx_word' id='word_1_119' title='bbox 1203 3045 1306 3117; x_wconf 88' lang='lat' dir='ltr'>agere</span> <span class='ocrx_word' id='word_1_120' title='bbox 1322 3042 1334 3109; x_wconf 92' lang='lat'>;</span> <span class='ocrx_word' id='word_1_121' title='bbox 1352 3037 1391 3099; x_wconf 91' lang='lat' dir='ltr'>ut</span> <span class='ocrx_word' id='word_1_122' title='bbox 1409 3026 1484 3112; x_wconf 81' lang='lat' dir='ltr'>eius</span> <span class='ocrx_word' id='word_1_123' title='bbox 1501 3020 1660 3097; x_wconf 78' lang='lat' dir='ltr'>adversa·</span> 
     </span>
     <span class='ocr_line' id='line_1_19' title="bbox 612 3115 1658 3215; baseline 0.001 -19"><span class='ocrx_word' id='word_1_124' title='bbox 612 3117 655 3196; x_wconf 88' lang='lat' dir='ltr'>tii</span> <span class='ocrx_word' id='word_1_125' title='bbox 674 3124 710 3195; x_wconf 94' lang='lat' dir='ltr'>in</span> <span class='ocrx_word' id='word_1_126' title='bbox 726 3115 913 3215; x_wconf 75' lang='lat' dir='ltr'>conspeetu</span> <span class='ocrx_word' id='word_1_127' title='bbox 925 3122 1011 3194; x_wconf 87' lang='lat' dir='ltr'>tanti</span> <span class='ocrx_word' id='word_1_128' title='bbox 1032 3117 1223 3215; x_wconf 78' lang='lat' dir='ltr'>splendoris</span> <span class='ocrx_word' id='word_1_129' title='bbox 1241 3169 1246 3178; x_wconf 83' lang='lat'><em>-</em></span> <span class='ocrx_word' id='word_1_130' title='bbox 1263 3123 1298 3195; x_wconf 69' lang='grc' dir='ltr'>ἃ</span> <span class='ocrx_word' id='word_1_131' title='bbox 1316 3125 1350 3195; x_wconf 93' lang='lat' dir='ltr'>in</span> <span class='ocrx_word' id='word_1_132' title='bbox 1373 3138 1468 3197; x_wconf 86' lang='lat' dir='ltr'>tanta</span> <span class='ocrx_word' id='word_1_133' title='bbox 1489 3120 1658 3197; x_wconf 70' lang='lat' dir='ltr'>univerl&#39;ae</span> 
     </span>
     <span class='ocr_line' id='line_1_20' title="bbox 613 3205 1659 3314; baseline -0.005 -16"><span class='ocrx_word' id='word_1_134' title='bbox 613 3214 774 3298; x_wconf 83' lang='lat' dir='ltr'>Ecclesrae</span> <span class='ocrx_word' id='word_1_135' title='bbox 797 3205 912 3293; x_wconf 85' lang='lat' dir='ltr'>laetit&#39;ia</span> <span class='ocrx_word' id='word_1_136' title='bbox 940 3216 1066 3314; x_wconf 75' lang='lat' dir='ltr'>poliri·</span> <span class='ocrx_word' id='word_1_137' title='bbox 1089 3219 1142 3293; x_wconf 86' lang='lat' dir='ltr'>vel</span> <span class='ocrx_word' id='word_1_138' title='bbox 1168 3220 1359 3305; x_wconf 85' lang='lat' dir='ltr'>debilitati,</span> <span class='ocrx_word' id='word_1_139' title='bbox 1379 3221 1415 3296; x_wconf 69' lang='grc' dir='ltr'>ἃ</span> <span class='ocrx_word' id='word_1_140' title='bbox 1437 3223 1531 3296; x_wconf 73' lang='lat' dir='ltr'>fracti</span> <span class='ocrx_word' id='word_1_141' title='bbox 1560 3225 1659 3296; x_wconf 82' lang='lat' dir='ltr'>tabe·</span> 
     </span>
     <span class='ocr_line' id='line_1_21' title="bbox 612 3315 1659 3496; baseline 0.001 -102"><span class='ocrx_word' id='word_1_142' title='bbox 612 3319 733 3496; x_wconf 46' lang='lat' dir='ltr'>ficum,</span> <span class='ocrx_word' id='word_1_143' title='bbox 761 3317 815 3391; x_wconf 86' lang='lat' dir='ltr'>vel</span> <span class='ocrx_word' id='word_1_144' title='bbox 842 3319 981 3411; x_wconf 85' lang='lat' dir='ltr'>pudore</span> <span class='ocrx_word' id='word_1_145' title='bbox 1000 3315 1138 3395; x_wconf 64' lang='lat' dir='ltr'>offerii,</span> <span class='ocrx_word' id='word_1_146' title='bbox 1161 3317 1196 3394; x_wconf 70' lang='grc' dir='ltr'>ἂι</span> <span class='ocrx_word' id='word_1_147' title='bbox 1223 3319 1359 3397; x_wconf 82' lang='lat' dir='ltr'>confufi</span> <span class='ocrx_word' id='word_1_148' title='bbox 1386 3319 1576 3420; x_wconf 86' lang='lat' dir='ltr'>aliquando</span> <span class='ocrx_word' id='word_1_149' title='bbox 1600 3342 1659 3395; x_wconf 88' lang='lat' dir='ltr'>re·</span> 
     </span>
    </p>

    <p class='ocr_par' dir='ltr' id='par_1_7' title="bbox 641 3424 869 3518">
     <span class='ocr_line' id='line_1_22' title="bbox 641 3424 869 3518; baseline -0.009 -24"><span class='ocrx_word' id='word_1_150' title='bbox 641 3424 675 3518; x_wconf 90' lang='lat' dir='ltr'>pi</span> <span class='ocrx_word' id='word_1_151' title='bbox 691 3432 773 3494; x_wconf 88' lang='lat' dir='ltr'>cant</span> <span class='ocrx_word' id='word_1_152' title='bbox 796 3472 817 3508; x_wconf 91' lang='lat'>‚,</span> <span class='ocrx_word' id='word_1_153' title='bbox 832 3466 869 3507; x_wconf 79' lang='lat'>„-</span> 
     </span>
    </p>
   </div>
   <div class='ocr_carea' id='block_1_6' title="bbox 414 3500 1660 3817">
    <p class='ocr_par' dir='ltr' id='par_1_8' title="bbox 414 3500 1660 3817">
     <span class='ocr_line' id='line_1_23' title="bbox 416 3500 1660 3646; baseline -0.001 -51"><span class='ocrx_word' id='word_1_154' title='bbox 416 3500 598 3646; x_wconf 39' lang='lat' dir='ltr'>unffi?</span> <span class='ocrx_word' id='word_1_155' title='bbox 661 3516 790 3595; x_wconf 79' lang='lat' dir='ltr'>Tribus</span> <span class='ocrx_word' id='word_1_156' title='bbox 811 3520 926 3616; x_wconf 90' lang='lat' dir='ltr'>itaque</span> <span class='ocrx_word' id='word_1_157' title='bbox 941 3515 986 3592; x_wconf 92' lang='lat' dir='ltr'>de</span> <span class='ocrx_word' id='word_1_158' title='bbox 1005 3515 1113 3631; x_wconf 85' lang='lat' dir='ltr'>caulis</span> <span class='ocrx_word' id='word_1_159' title='bbox 1133 3515 1342 3595; x_wconf 88' lang='lat' dir='ltr'>Solemnitas</span> <span class='ocrx_word' id='word_1_160' title='bbox 1363 3510 1534 3615; x_wconf 80' lang='lat' dir='ltr'>Corporis</span> <span class='ocrx_word' id='word_1_161' title='bbox 1550 3518 1660 3596; x_wconf 81' lang='lat' dir='ltr'>Chri·</span> 
     </span>
     <span class='ocr_line' id='line_1_24' title="bbox 415 3611 1660 3720; baseline -0.005 -22"><span class='ocrx_word' id='word_1_162' title='bbox 415 3657 515 3720; x_wconf 63' lang='lat' dir='ltr'>ffitu„</span> <span class='ocrx_word' id='word_1_163' title='bbox 546 3655 580 3718; x_wconf 64' lang='lat' dir='ltr'>pt</span> <span class='ocrx_word' id='word_1_164' title='bbox 612 3615 652 3698; x_wconf 81' lang='lat' dir='ltr'>sti</span> <span class='ocrx_word' id='word_1_165' title='bbox 674 3620 718 3694; x_wconf 88' lang='lat' dir='ltr'>ab</span> <span class='ocrx_word' id='word_1_166' title='bbox 737 3611 866 3687; x_wconf 70' lang='lat' dir='ltr'>Urbano</span> <span class='ocrx_word' id='word_1_167' title='bbox 879 3618 911 3686; x_wconf 71' lang='lat'>1³</span> <span class='ocrx_word' id='word_1_168' title='bbox 923 3617 939 3681; x_wconf 60' lang='grc' dir='ltr'><strong>ὀ</strong></span> <span class='ocrx_word' id='word_1_169' title='bbox 962 3615 1133 3695; x_wconf 84' lang='lat' dir='ltr'>Pontifice</span> <span class='ocrx_word' id='word_1_170' title='bbox 1149 3617 1313 3703; x_wconf 82' lang='lat' dir='ltr'>Maximo</span> <span class='ocrx_word' id='word_1_171' title='bbox 1334 3620 1484 3694; x_wconf 84' lang='lat' dir='ltr'>instituta</span> <span class='ocrx_word' id='word_1_172' title='bbox 1507 3621 1574 3702; x_wconf 78' lang='lat' dir='ltr'>est,</span> <span class='ocrx_word' id='word_1_173' title='bbox 1592 3617 1660 3694; x_wconf 81' lang='lat' dir='ltr'>Di·</span> 
     </span>
     <span class='ocr_line' id='line_1_25' title="bbox 414 3707 1654 3817; baseline -0.001 -22"><span class='ocrx_word' id='word_1_174' title='bbox 414 3731 581 3795; x_wconf 71' lang='lat' dir='ltr'>solemnitas</span> <span class='ocrx_word' id='word_1_175' title='bbox 611 3713 768 3817; x_wconf 87' lang='lat' dir='ltr'>plomate</span> <span class='ocrx_word' id='word_1_176' title='bbox 789 3716 873 3800; x_wconf 81' lang='lat' dir='ltr'>dato</span> <span class='ocrx_word' id='word_1_177' title='bbox 888 3715 981 3793; x_wconf 87' lang='lat' dir='ltr'>Urbe</span> <span class='ocrx_word' id='word_1_178' title='bbox 1001 3722 1105 3794; x_wconf 81' lang='lat' dir='ltr'>veteri</span> <span class='ocrx_word' id='word_1_179' title='bbox 1124 3707 1145 3786; x_wconf 87' lang='lat'>8</span> <span class='ocrx_word' id='word_1_180' title='bbox 1181 3721 1416 3812; x_wconf 81' lang='lat' dir='ltr'>Septembris,</span> <span class='ocrx_word' id='word_1_181' title='bbox 1432 3741 1526 3793; x_wconf 86' lang='lat' dir='ltr'>anno</span> <span class='ocrx_word' id='word_1_182' title='bbox 1545 3732 1654 3808; x_wconf 78' lang='lat'><strong>1259.</strong></span> 
     </span>
    </p>
   </div>
   <div class='ocr_carea' id='block_1_7' title="bbox 415 3806 1658 3897">
    <p class='ocr_par' dir='ltr' id='par_1_9' title="bbox 415 3806 1658 3897">
     <span class='ocr_line' id='line_1_26' title="bbox 415 3806 1658 3897; baseline 0.008 -14"><span class='ocrx_word' id='word_1_183' title='bbox 415 3806 552 3884; x_wconf 73' lang='lat' dir='ltr'>eorporis</span> <span class='ocrx_word' id='word_1_184' title='bbox 611 3822 647 3896; x_wconf 84' lang='lat'>&amp;</span> <span class='ocrx_word' id='word_1_185' title='bbox 670 3842 689 3895; x_wconf 79' lang='lat' dir='ltr'>a</span> <span class='ocrx_word' id='word_1_186' title='bbox 713 3819 873 3885; x_wconf 79' lang='lat' dir='ltr'>clemente</span> <span class='ocrx_word' id='word_1_187' title='bbox 887 3815 926 3891; x_wconf 90' lang='lat' dir='ltr'>V.</span> <span class='ocrx_word' id='word_1_188' title='bbox 954 3819 989 3893; x_wconf 93' lang='lat' dir='ltr'>in</span> <span class='ocrx_word' id='word_1_189' title='bbox 1011 3816 1177 3897; x_wconf 83' lang='lat' dir='ltr'>Concilio</span> <span class='ocrx_word' id='word_1_190' title='bbox 1195 3815 1443 3895; x_wconf 89' lang='lat' dir='ltr'>Oecumenico</span> <span class='ocrx_word' id='word_1_191' title='bbox 1464 3813 1658 3893; x_wconf 82' lang='lat' dir='ltr'>Viennenli</span> 
     </span>
    </p>
   </div>
   <div class='ocr_carea' id='block_1_8' title="bbox 416 3883 531 3949">
    <p class='ocr_par' dir='ltr' id='par_1_10' title="bbox 416 3883 531 3949">
     <span class='ocr_line' id='line_1_27' title="bbox 416 3883 531 3949; baseline 0.017 -2"><span class='ocrx_word' id='word_1_192' title='bbox 416 3883 531 3949; x_wconf 73' lang='lat' dir='ltr'>curuli.</span> 
     </span>
    </p>
   </div>
   <div class='ocr_carea' id='block_1_9' title="bbox 611 3914 1659 4312">
    <p class='ocr_par' dir='ltr' id='par_1_11' title="bbox 611 3914 1659 4312">
     <span class='ocr_line' id='line_1_28' title="bbox 611 3914 1659 4003; baseline -0.002 -9"><span class='ocrx_word' id='word_1_193' title='bbox 611 3919 838 4003; x_wconf 82' lang='lat' dir='ltr'>anno13rr.</span> <span class='ocrx_word' id='word_1_194' title='bbox 866 3915 1084 3993; x_wconf 82' lang='lat' dir='ltr'>confirmata·</span> <span class='ocrx_word' id='word_1_195' title='bbox 1110 3914 1229 3992; x_wconf 89' lang='lat' dir='ltr'>Primo</span> <span class='ocrx_word' id='word_1_196' title='bbox 1254 3921 1289 3990; x_wconf 96' lang='lat' dir='ltr'>in</span> <span class='ocrx_word' id='word_1_197' title='bbox 1318 3921 1525 3993; x_wconf 84' lang='lat' dir='ltr'>memoriam</span> <span class='ocrx_word' id='word_1_198' title='bbox 1548 3921 1659 3992; x_wconf 91' lang='lat' dir='ltr'>bene·</span> 
     </span>
     <span class='ocr_line' id='line_1_29' title="bbox 613 4013 1658 4101; baseline -0.002 -6"><span class='ocrx_word' id='word_1_199' title='bbox 613 4020 683 4095; x_wconf 88' lang='lat' dir='ltr'>licii</span> <span class='ocrx_word' id='word_1_200' title='bbox 698 4041 717 4092; x_wconf 95' lang='lat' dir='ltr'>a</span> <span class='ocrx_word' id='word_1_201' title='bbox 734 4015 875 4093; x_wconf 82' lang='lat' dir='ltr'>Christo</span> <span class='ocrx_word' id='word_1_202' title='bbox 897 4016 1082 4101; x_wconf 88' lang='lat' dir='ltr'>Domino,</span> <span class='ocrx_word' id='word_1_203' title='bbox 1106 4020 1141 4090; x_wconf 71' lang='grc' dir='ltr'><strong>ἃ</strong></span> <span class='ocrx_word' id='word_1_204' title='bbox 1165 4013 1343 4091; x_wconf 80' lang='lat' dir='ltr'>Salvatore</span> <span class='ocrx_word' id='word_1_205' title='bbox 1361 4019 1481 4093; x_wconf 86' lang='lat' dir='ltr'>nostro</span> <span class='ocrx_word' id='word_1_206' title='bbox 1503 4020 1537 4092; x_wconf 91' lang='lat' dir='ltr'>in</span> <span class='ocrx_word' id='word_1_207' title='bbox 1553 4016 1658 4093; x_wconf 87' lang='lat' dir='ltr'>Chri·</span> 
     </span>
     <span class='ocr_line' id='line_1_30' title="bbox 612 4115 1659 4211; baseline -0.005 -16"><span class='ocrx_word' id='word_1_208' title='bbox 612 4118 741 4195; x_wconf 79' lang='lat' dir='ltr'>stianoa</span> <span class='ocrx_word' id='word_1_209' title='bbox 770 4117 888 4191; x_wconf 90' lang='lat' dir='ltr'>collari</span> <span class='ocrx_word' id='word_1_210' title='bbox 921 4117 1027 4211; x_wconf 89' lang='lat' dir='ltr'>hujus</span> <span class='ocrx_word' id='word_1_211' title='bbox 1052 4115 1261 4192; x_wconf 85' lang='lat' dir='ltr'>admirabilis</span> <span class='ocrx_word' id='word_1_212' title='bbox 1289 4117 1504 4191; x_wconf 85' lang='lat' dir='ltr'>institutione</span> <span class='ocrx_word' id='word_1_213' title='bbox 1535 4116 1659 4191; x_wconf 83' lang='lat' dir='ltr'>Sacra·</span> 
     </span>
     <span class='ocr_line' id='line_1_31' title="bbox 612 4212 1659 4312; baseline 0.001 -19"><span class='ocrx_word' id='word_1_214' title='bbox 612 4220 751 4301; x_wconf 85' lang='lat' dir='ltr'>menti,</span> <span class='ocrx_word' id='word_1_215' title='bbox 775 4215 812 4289; x_wconf 70' lang='grc' dir='ltr'>ἃ</span> <span class='ocrx_word' id='word_1_216' title='bbox 838 4216 881 4289; x_wconf 89' lang='lat' dir='ltr'>ad</span> <span class='ocrx_word' id='word_1_217' title='bbox 908 4216 1084 4311; x_wconf 84' lang='lat' dir='ltr'>publicum</span> <span class='ocrx_word' id='word_1_218' title='bbox 1108 4218 1198 4312; x_wconf 84' lang='lat' dir='ltr'>grati</span> <span class='ocrx_word' id='word_1_219' title='bbox 1230 4217 1335 4289; x_wconf 88' lang='lat' dir='ltr'>animi</span> <span class='ocrx_word' id='word_1_220' title='bbox 1362 4212 1659 4311; x_wconf 82' lang='lat' dir='ltr'>significationem</span> 
     </span>
    </p>
   </div>
   <div class='ocr_carea' id='block_1_10' title="bbox 529 4312 1657 4411">
    <p class='ocr_par' dir='ltr' id='par_1_12' title="bbox 529 4312 1657 4411">
     <span class='ocr_line' id='line_1_32' title="bbox 529 4312 1657 4411; baseline -0.003 -16"><span class='ocrx_word' id='word_1_221' title='bbox 529 4379 533 4395; x_wconf 92' lang='lat'>.</span> <span class='ocrx_word' id='word_1_222' title='bbox 614 4319 664 4395; x_wconf 88' lang='lat' dir='ltr'>ob</span> <span class='ocrx_word' id='word_1_223' title='bbox 686 4313 990 4411; x_wconf 63' lang='lat' dir='ltr'>rumpotinum,</span> <span class='ocrx_word' id='word_1_224' title='bbox 1012 4334 1082 4390; x_wconf 88' lang='lat' dir='ltr'>tarn</span> <span class='ocrx_word' id='word_1_225' title='bbox 1100 4319 1221 4400; x_wconf 77' lang='lat' dir='ltr'>lirare,</span> <span class='ocrx_word' id='word_1_226' title='bbox 1244 4329 1314 4390; x_wconf 85' lang='lat' dir='ltr'>tam</span> <span class='ocrx_word' id='word_1_227' title='bbox 1331 4312 1657 4392; x_wconf 81' lang='lat' dir='ltr'>deletlabiledivini</span> 
     </span>
    </p>
   </div>
   <div class='ocr_carea' id='block_1_11' title="bbox 612 4413 1658 4916">
    <p class='ocr_par' dir='ltr' id='par_1_13' title="bbox 612 4413 1658 4916">
     <span class='ocr_line' id='line_1_33' title="bbox 613 4413 1657 4511; baseline -0.006 -18"><span class='ocrx_word' id='word_1_228' title='bbox 613 4421 650 4493; x_wconf 93' lang='lat' dir='ltr'>in</span> <span class='ocrx_word' id='word_1_229' title='bbox 677 4439 742 4492; x_wconf 83' lang='lat' dir='ltr'>not</span> <span class='ocrx_word' id='word_1_230' title='bbox 763 4418 891 4489; x_wconf 88' lang='lat' dir='ltr'>amoris</span> <span class='ocrx_word' id='word_1_231' title='bbox 914 4419 1053 4511; x_wconf 79' lang='lat' dir='ltr'>pignus·</span> <span class='ocrx_word' id='word_1_232' title='bbox 1081 4413 1276 4497; x_wconf 85' lang='lat' dir='ltr'>Secundo,</span> <span class='ocrx_word' id='word_1_233' title='bbox 1296 4413 1338 4490; x_wconf 89' lang='lat' dir='ltr'>ad</span> <span class='ocrx_word' id='word_1_234' title='bbox 1364 4414 1657 4493; x_wconf 75' lang='lat' dir='ltr'>confundendam</span> 
     </span>
     <span class='ocr_line' id='line_1_34' title="bbox 612 4513 1657 4612; baseline -0.005 -19"><span class='ocrx_word' id='word_1_235' title='bbox 612 4515 861 4593; x_wconf 73' lang='lat' dir='ltr'>haereticorum</span> <span class='ocrx_word' id='word_1_236' title='bbox 884 4514 1088 4608; x_wconf 81' lang='lat' dir='ltr'>perfidiam,</span> <span class='ocrx_word' id='word_1_237' title='bbox 1110 4516 1145 4589; x_wconf 72' lang='grc' dir='ltr'><strong>ἃ</strong></span> <span class='ocrx_word' id='word_1_238' title='bbox 1166 4514 1353 4597; x_wconf 79' lang='lat' dir='ltr'>insoniam,</span> <span class='ocrx_word' id='word_1_239' title='bbox 1374 4520 1434 4611; x_wconf 89' lang='lat' dir='ltr'>qui</span> <span class='ocrx_word' id='word_1_240' title='bbox 1462 4519 1548 4589; x_wconf 85' lang='lat' dir='ltr'>tanti</span> <span class='ocrx_word' id='word_1_241' title='bbox 1570 4513 1657 4612; x_wconf 82' lang='lat' dir='ltr'>llly-</span> 
     </span>
     <span class='ocr_line' id='line_1_35' title="bbox 615 4609 1657 4710; baseline -0.004 -17"><span class='ocrx_word' id='word_1_242' title='bbox 615 4610 705 4693; x_wconf 79' lang='lat' dir='ltr'>llrrii</span> <span class='ocrx_word' id='word_1_243' title='bbox 726 4617 906 4691; x_wconf 82' lang='lat' dir='ltr'>veritatem</span> <span class='ocrx_word' id='word_1_244' title='bbox 931 4617 1140 4710; x_wconf 88' lang='lat' dir='ltr'>impugnare</span> <span class='ocrx_word' id='word_1_245' title='bbox 1160 4611 1230 4689; x_wconf 83' lang='lat' dir='ltr'>ausi</span> <span class='ocrx_word' id='word_1_246' title='bbox 1254 4609 1357 4697; x_wconf 85' lang='lat' dir='ltr'>sunt,</span> <span class='ocrx_word' id='word_1_247' title='bbox 1383 4613 1435 4687; x_wconf 89' lang='lat' dir='ltr'>vel</span> <span class='ocrx_word' id='word_1_248' title='bbox 1459 4618 1657 4689; x_wconf 86' lang='lat' dir='ltr'>etiamnum</span> 
     </span>
     <span class='ocr_line' id='line_1_36' title="bbox 612 4711 1658 4811; baseline -0.006 -17"><span class='ocrx_word' id='word_1_249' title='bbox 612 4718 755 4794; x_wconf 88' lang='lat' dir='ltr'>audent.</span> <span class='ocrx_word' id='word_1_250' title='bbox 787 4712 912 4790; x_wconf 89' lang='lat' dir='ltr'>Tertio</span> <span class='ocrx_word' id='word_1_251' title='bbox 924 4764 933 4796; x_wconf 90' lang='lat'>‚</span> <span class='ocrx_word' id='word_1_252' title='bbox 945 4715 988 4786; x_wconf 88' lang='lat' dir='ltr'>ad</span> <span class='ocrx_word' id='word_1_253' title='bbox 1006 4711 1238 4811; x_wconf 84' lang='lat' dir='ltr'>supplendum</span> <span class='ocrx_word' id='word_1_254' title='bbox 1253 4757 1260 4778; x_wconf 84' lang='lat'><strong>·</strong></span> <span class='ocrx_word' id='word_1_255' title='bbox 1277 4716 1309 4787; x_wconf 72' lang='grc' dir='ltr'>ἃ</span> <span class='ocrx_word' id='word_1_256' title='bbox 1326 4713 1577 4788; x_wconf 84' lang='lat' dir='ltr'>resarciendum</span> <span class='ocrx_word' id='word_1_257' title='bbox 1590 4735 1658 4807; x_wconf 89' lang='lat' dir='ltr'>pu·</span> 
     </span>
     <span class='ocr_line' id='line_1_37' title="bbox 613 4810 1658 4916; baseline -0.005 -24"><span class='ocrx_word' id='word_1_258' title='bbox 613 4817 938 4916; x_wconf 64' lang='lat' dir='ltr'>blica2prirataque</span> <span class='ocrx_word' id='word_1_259' title='bbox 959 4815 1171 4889; x_wconf 76' lang='lat' dir='ltr'>devotione,</span> <span class='ocrx_word' id='word_1_260' title='bbox 1189 4810 1362 4911; x_wconf 88' lang='lat' dir='ltr'>quidquid</span> <span class='ocrx_word' id='word_1_261' title='bbox 1389 4827 1471 4887; x_wconf 89' lang='lat' dir='ltr'>toto</span> <span class='ocrx_word' id='word_1_262' title='bbox 1495 4817 1575 4887; x_wconf 88' lang='lat' dir='ltr'>anni</span> <span class='ocrx_word' id='word_1_263' title='bbox 1594 4814 1658 4887; x_wconf 71' lang='lat' dir='ltr'>de⁴</span> 
     </span>
    </p>
   </div>
   <div class='ocr_carea' id='block_1_12' title="bbox 571 4909 1683 5008">
    <p class='ocr_par' dir='ltr' id='par_1_14' title="bbox 571 4909 1683 5008">
     <span class='ocr_line' id='line_1_38' title="bbox 571 4909 1683 5008; baseline -0.005 -16"><span class='ocrx_word' id='word_1_264' title='bbox 571 4941 573 4946; x_wconf 88' lang='lat'>·</span> <span class='ocrx_word' id='word_1_265' title='bbox 612 4916 714 4993; x_wconf 87' lang='lat' dir='ltr'>c&#39;ursu</span> <span class='ocrx_word' id='word_1_266' title='bbox 736 4921 771 4992; x_wconf 94' lang='lat' dir='ltr'>in</span> <span class='ocrx_word' id='word_1_267' title='bbox 797 4911 976 4990; x_wconf 81' lang='lat' dir='ltr'>lllillurum</span> <span class='ocrx_word' id='word_1_268' title='bbox 999 4912 1196 4989; x_wconf 75' lang='lat' dir='ltr'>solemniis,</span> <span class='ocrx_word' id='word_1_269' title='bbox 1219 4929 1278 4987; x_wconf 88' lang='lat' dir='ltr'>aut</span> <span class='ocrx_word' id='word_1_270' title='bbox 1301 4913 1378 4987; x_wconf 80' lang='lat' dir='ltr'>alias</span> <span class='ocrx_word' id='word_1_271' title='bbox 1396 4935 1441 4987; x_wconf 82' lang='lat' dir='ltr'>ex</span> <span class='ocrx_word' id='word_1_272' title='bbox 1470 4909 1683 5008; x_wconf 63' lang='lat' dir='ltr'>negligens</span> 
     </span>
    </p>
   </div>
   <div class='ocr_carea' id='block_1_13' title="bbox 611 5010 1657 5211">
    <p class='ocr_par' dir='ltr' id='par_1_15' title="bbox 611 5010 1657 5211">
     <span class='ocr_line' id='line_1_39' title="bbox 613 5010 1657 5110; baseline -0.004 -20"><span class='ocrx_word' id='word_1_273' title='bbox 613 5015 681 5100; x_wconf 83' lang='lat' dir='ltr'>tir,</span> <span class='ocrx_word' id='word_1_274' title='bbox 704 5015 758 5089; x_wconf 82' lang='lat' dir='ltr'>vel</span> <span class='ocrx_word' id='word_1_275' title='bbox 782 5013 964 5110; x_wconf 81' lang='lat' dir='ltr'>fragilitate</span> <span class='ocrx_word' id='word_1_276' title='bbox 989 5013 1140 5088; x_wconf 86' lang='lat' dir='ltr'>humana</span> <span class='ocrx_word' id='word_1_277' title='bbox 1165 5014 1279 5087; x_wconf 85' lang='lat' dir='ltr'>minus</span> <span class='ocrx_word' id='word_1_278' title='bbox 1299 5013 1401 5107; x_wconf 88' lang='lat' dir='ltr'>plene</span> <span class='ocrx_word' id='word_1_279' title='bbox 1418 5012 1460 5086; x_wconf 89' lang='lat' dir='ltr'>ad</span> <span class='ocrx_word' id='word_1_280' title='bbox 1483 5015 1569 5088; x_wconf 86' lang='lat' dir='ltr'>tanti</span> <span class='ocrx_word' id='word_1_281' title='bbox 1592 5010 1657 5086; x_wconf 81' lang='lat' dir='ltr'>Sa·</span> 
     </span>
     <span class='ocr_line' id='line_1_40' title="bbox 611 5110 1657 5211; baseline -0.006 -22"><span class='ocrx_word' id='word_1_282' title='bbox 611 5116 783 5189; x_wconf 84' lang='lat' dir='ltr'>crumenti</span> <span class='ocrx_word' id='word_1_283' title='bbox 809 5116 1072 5189; x_wconf 87' lang='lat' dir='ltr'>venerationem</span> <span class='ocrx_word' id='word_1_284' title='bbox 1092 5112 1229 5211; x_wconf 86' lang='lat' dir='ltr'>gestum</span> <span class='ocrx_word' id='word_1_285' title='bbox 1248 5112 1306 5190; x_wconf 86' lang='lat' dir='ltr'>est.</span> <span class='ocrx_word' id='word_1_286' title='bbox 1338 5110 1402 5185; x_wconf 82' lang='lat' dir='ltr'>llae</span> <span class='ocrx_word' id='word_1_287' title='bbox 1422 5115 1573 5186; x_wconf 89' lang='lat' dir='ltr'>rationes</span> <span class='ocrx_word' id='word_1_288' title='bbox 1590 5129 1657 5184; x_wconf 83' lang='lat' dir='ltr'>err·</span> 
     </span>
    </p>
   </div>
   <div class='ocr_carea' id='block_1_14' title="bbox 613 5207 1658 5385">
    <p class='ocr_par' dir='ltr' id='par_1_16' title="bbox 613 5207 1658 5385">
     <span class='ocr_line' id='line_1_41' title="bbox 613 5207 1658 5385; baseline -0.01 -96"><span class='ocrx_word' id='word_1_289' title='bbox 613 5229 798 5310; x_wconf 81' lang='lat' dir='ltr'>ponuntur</span> <span class='ocrx_word' id='word_1_290' title='bbox 812 5212 1052 5292; x_wconf 73' lang='lat' dir='ltr'>clementina:</span> <span class='ocrx_word' id='word_1_291' title='bbox 1064 5217 1100 5284; x_wconf 85' lang='lat' dir='ltr'>Si</span> <span class='ocrx_word' id='word_1_292' title='bbox 1112 5215 1290 5285; x_wconf 81' lang='lat' dir='ltr'>Dominum</span> <span class='ocrx_word' id='word_1_293' title='bbox 1302 5253 1313 5292; x_wconf 83' lang='lat'><em>,</em></span> <span class='ocrx_word' id='word_1_294' title='bbox 1325 5207 1398 5287; x_wconf 84' lang='lat' dir='ltr'>Tit·</span> <span class='ocrx_word' id='word_1_295' title='bbox 1411 5216 1448 5281; x_wconf 81' lang='lat' dir='ltr'>rie</span> <span class='ocrx_word' id='word_1_296' title='bbox 1465 5211 1632 5385; x_wconf 53' lang='lat' dir='ltr'><em>mquam</em></span> <span class='ocrx_word' id='word_1_297' title='bbox 1641 5250 1658 5293; x_wconf 81' lang='lat'><strong>,</strong></span> 
     </span>
    </p>
   </div>
   <div class='ocr_carea' id='block_1_15' title="bbox 0 0 1950 6434">
    <p class='ocr_par' dir='ltr' id='par_1_17' title="bbox 0 0 1950 6434">
     <span class='ocr_line' id='line_1_42' title="bbox 0 0 1950 6434; baseline 0 0"><span class='ocrx_word' id='word_1_298' title='bbox 0 0 1950 6434; x_wconf 95' lang='lat' dir='ltr'> </span> 
     </span>
    </p>
   </div>
  </div>
 </body>
</html>
