3892 6434
327 707 1700 991 u

512 1050 517 1061 ,
844 1020 854 1057 J
1674 1056 1677 1063 ,

617 1280 699 1360 320
808 1245 965 1345 Theos.
985 1250 1106 1359 neg.
1131 1249 1175 1342 dr
1197 1245 1349 1344 Illorai.
1368 1248 1465 1342 ian
1482 1248 1541 1344 ΙΙ.

613 1415 683 1503 effe
700 1418 863 1522 possunt,
886 1421 1104 1519 &plerique
1116 1420 1256 1499 felicem
1272 1421 1371 1502 illum
1387 1422 1515 1501 statum
1536 1423 1666 1525 attige-

613 1542 717 1608 runt,
737 1524 824 1600 dum
845 1522 925 1620 ipsis
950 1545 997 1598 ex
1021 1527 1144 1598 animo
1166 1523 1347 1619 displicent
1374 1525 1579 1621 quotidiana
1604 1529 1663 1603 illa

612 1625 804 1722 fragilitatis
827 1620 992 1699 humanae
1022 1636 1166 1716 peecata
1184 1646 1194 1715 ;
1213 1624 1300 1701 dum
1320 1623 1377 1699 illa
1404 1645 1471 1721 pro
1494 1626 1583 1700 uirili
1602 1649 1664 1702 cas

613 1741 720 1808 vent,
737 1739 846 1821 atque
860 1721 1049 1798 emendare
1067 1725 1253 1813 nituntut;
1274 1722 1422 1798 dumeti
1442 1722 1663 1801 iishumilio-

611 1842 689 1910 res,
709 1822 745 1899 ἃ
767 1824 996 1898 ferventiores
1017 1822 1176 1898 evadunt
1197 1874 1208 1907 .
1228 1824 1311 1921 quia
1331 1822 1457 1899 dolent
1475 1823 1520 1897 de
1540 1822 1662 1919 supera·

613 1925 668 2001 bia
696 1939 829 2000 naturae
853 1937 1034 2018 corruptas
1057 1920 1165 1998 veluti
1197 1925 1418 2019 congenita,
1435 1924 1471 1997 δι
1503 1920 1549 1997 de
1569 1936 1661 1999 cori·

610 2021 833 2121 cupiscentiae
847 2025 1005 2098 motibus
1015 2043 1089 2098 non
1099 2023 1328 2117 regnantibus
1346 2019 1490 2120 quidem
1502 2025 1539 2097 in
1561 2045 1661 2098 mora

609 2125 670 2199 tali
702 2122 845 2198 illorum
869 2142 1049 2216 corpore.
1067 2117 1125 2195 sed
1144 2137 1264 2196 tamen
1288 2120 1484 2197 tumultum
1508 2141 1663 2197 movens

607 2226 703 2299 tibus
716 2269 727 2308 ,
742 2222 779 2296 de
799 2220 974 2297 charitatis
998 2218 1174 2296 servorem
1194 2222 1454 2306 minuentibus,
1468 2220 1660 2320 cordisque

608 2322 791 2399 sabbatum
812 2321 1055 2401 turbantibus,
1072 2321 1161 2395 dum
1187 2320 1231 2395 ad
1261 2317 1380 2396 Deum
1407 2323 1536 2416 iugiter
1558 2322 1662 2416 iuges

608 2420 835 2498 misenum&
863 2422 1093 2516 pergratiam
1116 2416 1268 2495 Domini
1296 2421 1405 2495 nostri
1421 2416 1503 2516 jesu
1526 2416 1660 2496 Cliristl

607 2520 746 2597 liberari
757 2518 929 2614 supplices
945 2519 1148 2619 pollulant3
1167 2519 1254 2595 dum
1270 2534 1444 2616 peccato,
1462 2521 1498 2593 dr
1509 2514 1660 2596 'mundo

608 2620 767 2699 mortui,
787 2640 862 2693 non
884 2616 946 2692 fibi
964 2616 1042 2713 ipss
1062 2622 1188 2694 vivunt
1206 2666 1216 2701 ,
1234 2617 1289 2693 sed
1307 2618 1476 2704 Christo,
1497 2617 1535 2693 ds
1564 2610 1685 2717 quoa'

607 2717 694 2795 tidie
716 2714 889 2811 prolicere
918 2717 1080 2814 satagunt
1103 2717 1150 2793 de
1168 2721 1297 2794 virtute
1322 2721 1358 2793 in
1383 2721 1570 2800 virtutem,
1590 2743 1659 2795 no-

608 2831 677 2892 ros
702 2840 749 2893 ex
775 2820 896 2893 iterata
924 2816 965 2892 sae
993 2821 1044 2893 ius
1079 2815 1350 2894 Communium
1370 2817 1561 2915 spirituales
1584 2816 1659 2895 frua

606 2914 683 2993 stus
706 2916 902 2992 reserentes.
981 2919 1007 2991 is
1033 2914 1205 2994 duntaxat
1235 2917 1400 3016 frequens
1427 2918 1653 2997 Communia

607 3015 845 3110 permittenda
862 3015 911 3091 est
928 3070 938 3099 ‚
955 3033 996 3093 ut
1019 3015 1167 3098 scilicet,
1187 3018 1243 3091 vel
1266 3015 1408 3113 singulis
1426 3018 1573 3099 diebus,
1595 3027 1658 3094 aut‘

606 3116 737 3295 ssluries
760 3118 796 3191 in
815 3112 1042 3192 hebdomada
1057 3171 1067 3202 .
1083 3131 1144 3192 aut
1165 3116 1307 3213 singulis
1329 3120 1432 3193 etiam
1453 3116 1657 3195 Dominicis

640 3215 857 3304 ucharllliam
890 3215 1051 3307 fumant3
1080 3217 1215 3315 alioqui
1245 3236 1368 3313 parum
1396 3217 1571 3294 frusinofa
1605 3219 1656 3293 eil

606 3310 831 3391 Communio
864 3314 1054 3413 frequens,
1086 3317 1257 3414 valdeque
1286 3318 1483 3394 timendum
1508 3318 1584 3399 eit,
1609 3333 1656 3392 ne

606 3412 1657 3514 Deushujusnrodihominibusnonquidemindigneomni⁴

608 3535 661 3591 no
680 3562 690 3596 ‚
712 3514 769 3589 fed
783 3514 964 3599 otiose,&
977 3517 1145 3592 inutiliter
1166 3517 1235 3605 lut
1258 3519 1304 3592 ita
1324 3517 1540 3615 loquantur)
1563 3514 1657 3592 Cor·

608 3629 676 3706 pus
694 3612 822 3689 Christi
836 3612 1072 3699 sumentibus,
1090 3621 1238 3710 gratiani
1260 3619 1353 3692 fuam
1365 3616 1507 3691 tandem
1520 3613 1653 3691 l'ubtraa

609 3712 822 3809 hatpotius,
835 3736 942 3810 quani
954 3729 1091 3811 augeat·
1110 3712 1160 3789 Ut
1172 3718 1265 3790 enim
1278 3720 1326 3790 ait
1343 3721 1373 3787 S.
1390 3713 1528 3798 Basilus
1547 3716 1607 3790 lib.
1623 3737 1655 3787 ra

609 3818 649 3881 de
669 3811 945 3908 baptismmap·
960 3832 993 3901 3.
1022 3868 1076 3904 ,,,,
1104 3813 1181 3908 Qui
1202 3815 1296 3896 edit,
1312 3838 1354 3891 ac
1367 3818 1454 3891 bibit
1468 3819 1502 3889 in
1516 3838 1655 3890 memoae

610 3912 697 3985 riam
721 3911 941 3987 indelebilem
961 3913 1058 4003 ejus,
1082 3919 1143 4010 qni
1167 3937 1234 4007 pro
1259 3916 1361 3989 nobis
1388 3931 1552 3991 mortuus
1573 3914 1650 3998 est.

609 4012 880 4090 retribuerit,
898 4007 980 4108 Jesu
1002 4010 1130 4087 Christi
1150 4010 1303 4088 Domini
1323 4014 1452 4099 nostri,
1476 4019 1652 4088 rationem
1681 4039 1684 4050 ¹

610 4130 697 4185 uero
723 4115 930 4194 memoriae,
950 4109 1230 4210 obedientiaeque
1260 4111 1460 4190 Dominicae
1487 4116 1531 4188 ad
1554 4136 1654 4188 mor·

609 4223 684 4287 tem
706 4209 833 4309 usque,
850 4209 1158 4304 juxtadotirinam
1182 4210 1340 4307 Apostoli
1363 4236 1438 4288 non
1456 4214 1652 4308 adimpleta

409 4323 436 4382 t.
452 4315 518 4379 Cur.
541 4325 567 4394 ς.
609 4311 673 4408 qus
694 4308 801 4385 dicit:
824 4304 1024 4403 constringit
1042 4316 1130 4381 euim
1152 4335 1207 4380 nos
1228 4312 1373 4381 charitas
1396 4317 1464 4384 Dei
1476 4369 1486 4398 ,
1498 4314 1652 4404 judicaria

409 4410 456 4461 ¹¹·
478 4410 525 4469 ¹5·
608 4428 658 4483 tes
683 4409 762 4494 hot,
777 4410 862 4500 quod
882 4405 1010 4496 finnus
1031 4427 1091 4499 pro
1112 4409 1259 4480 amnibus
1278 4407 1323 4490 est
1348 4433 1492 4482 mortuus
1511 4455 1522 4489 ‚
1541 4433 1649 4481 omnes

607 4510 721 4600 iraque
742 4526 886 4578 mortuos
902 4504 971 4598 effe.
1000 4509 1145 4604 (Quod
1165 4513 1202 4586 in
1223 4511 1427 4607 baptismate
1447 4508 1586 4611 professi
1600 4511 1652 4588 fua

606 4605 731 4694 mus.)
756 4609 803 4680 Et
819 4626 880 4701 pru
891 4606 1038 4679 omnibus
1058 4630 1204 4681 mortuus
1217 4607 1281 4690 est,
1298 4630 1336 4680 ur
1358 4617 1415 4707 qui
1425 4620 1549 4682 vivant
1559 4655 1570 4689 ,
1578 4612 1651 4702 jum

526 4729 529 4733 ’
605 4734 669 4782 non
687 4708 826 4805 amplius
840 4704 904 4797 fibi
923 4704 1000 4801 ipfis
1017 4713 1163 4804 uiuant,
1181 4708 1237 4795 fied
1248 4713 1281 4780 ri
1291 4754 1301 4786 ‚
1317 4715 1375 4805 qui
1392 4732 1453 4804 pra
1474 4709 1548 4805 ipss
1564 4735 1651 4781 mors

602 4822 678 4882 tuus
691 4804 755 4890 ed,
770 4832 807 4879 ae
819 4803 1018 4895 resurrexit:
1036 4807 1137 4886 Nihil
1151 4809 1256 4886 habet
1269 4813 1422 4889 utilitatis
1435 4869 1444 4898 ,
1457 4815 1558 4909 juxta
1577 4812 1650 4887 fen·

601 4912 749 4986 tentiam
788 4906 939 4989 Domini
978 4908 1127 4985 dicentis
1154 4931 1164 4987 t
1189 4917 1272 4979 Caro
1300 4935 1361 4980 non
1393 4911 1520 5002 prodest
1553 4914 1650 5004 quid.

601 5026 709 5102 quam·
734 5007 890 5086 Accersrt
909 5012 1027 5089 alitem
1050 5006 1112 5084 libi
1125 5007 1208 5104 ipfi,
1226 5011 1288 5108 qui
1300 5011 1376 5087 talis
1389 5015 1456 5098 est,
1476 5012 1648 5104 judicium

402 5152 431 5202 n
447 5131 515 5204 cer,
535 5139 581 5199 η,
603 5130 778 5207 quoque;
797 5112 937 5185 dicente
962 5107 1165 5204 Apostolo:
1195 5108 1276 5208 Qr‘
1301 5115 1398 5200 epit,
1419 5138 1456 5184 ac
1477 5110 1562 5182 bibit
1598 5117 1651 5180 m.

603 5211 698 5302 signe
709 5248 721 5288 ‚
733 5205 897 5299 judicium
914 5204 976 5296 pir·
991 5211 1186 5294 manducat,
1203 5222 1244 5283 cr
1259 5209 1365 5298 illu.
1383 5236 1445 5297 nort
1465 5214 1651 5307 dijudicari

1524 5318 1606 5381 Cor·-
