3892 6434
353 888 357 895 ’
470 925 541 1016 De
569 922 839 1034 sacramento
866 911 1140 1015 Euchan'stiae.
1273 942 1366 1022 ³33*

303 1124 374 1181 nos
399 1095 501 1176 Deua
527 1095 759 1207 omnipoteni
794 1115 856 1189 ptr
890 1089 990 1170 hunc
1024 1088 1369 1171 excellentissimum

304 1207 427 1279 cibum
444 1217 589 1278 vocare,
613 1196 649 1268 ἃ
667 1197 813 1269 innatare
831 1193 998 1289 dignatus
1019 1191 1093 1277 est,
1113 1191 1231 1268 donec
1251 1217 1354 1269 men·

304 1318 381 1379 tem
400 1322 483 1374 cum
515 1297 683 1370 omnibus
708 1313 781 1368 tam
805 1290 973 1388 supremis
996 1312 1106 1387 qoam
1125 1289 1254 1368 infima
1271 1296 1369 1371 viti-12

304 1404 372 1480 bus
392 1399 459 1476 s'uia
481 1394 566 1474 Deo
590 1390 1157 1489 accommodent,appiicentque
1181 1444 1251 1486 Μ.

608 1545 934 1628 REGULA
984 1546 1033 1627 V.

445 1815 654 1887 munionem
681 1811 847 1884 accedere
880 1808 1034 1893 debent,
1056 1828 1165 1907 quam
1190 1807 1263 1898 illi,
1288 1813 1370 1910 qui·

305 1912 700 2007 tantumipiritualibus
720 1907 837 1984 studiis
862 1907 942 1985 sunt
963 1910 1101 1984 intenti.

358 2009 482 2087 Rarius
503 2008 648 2084 enimse
671 2007 715 2082 ad
736 2007 896 2085 divinum
916 2006 1002 2085 iliud
1014 2006 1279 2088 Sacramentum
1297 2031 1364 2085 reo·

305 2113 511 2207 cipiendum
540 2108 725 2208 expedire,
750 2126 878 2206 atque,
904 2122 945 2185 ut
974 2125 1035 2204 par
1066 2109 1140 2192 est,
1159 2133 1230 2209 prae
1257 2126 1353 2186 arar·

305 2209 476 2310 poliunt,
496 2204 618 2305 inquit'
630 2213 660 2282 S.
679 2211 805 2277 Bonam
814 2229 933 2286 utura,
947 2206 1007 2284 lib·
1017 2228 1048 2283 2.
1066 2212 1103 2277 dt
1118 2206 1212 2297 Profe
1246 2235 1268 2282 u
1285 2213 1352 2281 lte.

309 1702 576 1878 Mundanis
595 1710 688 1787 curis
700 1710 886 1804 occupati,
907 1704 1071 1786 rariuaad
1088 1705 1217 1784 sacram
1239 1706 1353 1788 com,
1509 1690 1545 1713 ··

305 2316 493 2403 sigonium
515 2331 620 2404 ,cap
637 2321 699 2399 70.
720 2307 939 2408 subditque:
962 2363 1018 2399 „„
1043 2306 1117 2384 Vix
1144 2304 1268 2409 aliquis
1304 2314 1356 2391 ita·
1475 2372 1479 2379 .
1523 2326 1552 2377 :·

305 2407 504 2506 Religiosus
526 2410 695 2486 videtur,
719 2406 872 2494 santius,
897 2409 1056 2506 excepti·
1082 2408 1353 2499 Sacerdotibus,

304 2516 395 2609 quin
417 2508 519 2583 semel
541 2510 578 2585 in
606 2507 794 2607 septimana
816 2505 961 2587 sufficiat
984 2511 1016 2583 ei
1037 2530 1084 2584 ex
1099 2510 1354 2589 consuetudine

309 2611 607 2694 communicare,
636 2607 699 2685 nisi
719 2608 871 2705 specialia
900 2607 999 2686 causa
1027 2610 1276 2708 quandoque,
1296 2610 1368 2690 vai·
1512 2661 1520 2678 ·

306 2716 399 2786 ratio
420 2710 496 2803 plus
519 2710 674 2792 suadeat,
695 2706 878 2785 infirmitas
906 2710 1178 2805 superveniens,
1205 2709 1259 2785 vul
1279 2709 1355 2787 sin·

306 2808 473 2909 gulatitet
497 2804 671 2884 Festivitas
690 2807 854 2884 solemnit
868 2808 943 2895 ,vel
963 2807 1131 2884 inusitatae
1148 2809 1354 2888 devotioni·

308 2910 450 2993 sbrvor,
467 2911 501 2984 sa
519 2913 749 3004 intemperata
768 2907 924 2985 desiderii
948 2906 1018 2983 sitia
1032 2930 1099 3002 pro
1125 2908 1215 2985 iliius
1242 2909 1355 2988 susce-

309 3014 435 3107 ptione
448 3062 458 3094 ,
473 3011 533 3107 qui
551 3009 643 3085 solos
665 3004 789 3084 sufficit
811 3013 958 3100 amantis
977 3011 1101 3083 animae
1120 3009 1283 3084 ardorem
1299 3028 1357 3084 re·-
1509 3083 1511 3087 ,

308 3109 484 3204 frigente·
512 3108 553 3185 Et
568 3111 648 3207 quia
672 3109 747 3183 talis
763 3112 898 3185 ardoris
917 3111 1070 3204 impetus
1091 3107 1231 3184 nonnisi
1245 3109 1356 3205 spiri·
1456 3192 1464 3201 ,

308 3223 350 3286 tu
365 3207 480 3284 tonsio
493 3258 503 3290 ‚
515 3224 556 3285 ut
575 3208 988 3296 creditur,insuuditut,
1022 3208 1105 3283 ideo
1131 3207 1267 3304 iegibus
1287 3207 1369 3286 hu·-

310 3331 423 3385 manae
462 3309 759 3398 consuetudinis,
786 3312 824 3385 sa
869 3308 1005 3387 statutis
1039 3308 1243 3387 mortalium
1275 3331 1368 3387 non·

309 3408 460 3582 msssscr‘
480 3453 690 3582 sa'sauterus
707 3506 890 3585 Sermone.
908 3527 941 3596 3⁴
964 3465 1000 3583 in
1027 3501 1128 3583 Festo
1150 3505 1368 3593 venerabilia·

310 3604 561 3689 sacramenti,
594 3610 669 3699 ejus
691 3610 829 3685 divitias
861 3604 992 3704 assequi
1014 3610 1239 3702 cupientibus
1268 3627 1370 3689 tunt¹

311 3709 432 3804 primis
456 3705 681 3785 necessarium
702 3705 770 3783 esse
791 3713 840 3783 ait
852 3713 869 3787 't
905 3763 928 3799 „
953 3706 1002 3782 Ut
1018 3706 1181 3783 abstraste
1203 3710 1358 3790 vivant·
1418 3767 1421 3771 -

311 3852 335 3899 ‚,
355 3830 438 3891 cuna
464 3806 678 3902 Magdaiena
701 3812 778 3883 otio
806 3806 923 3884 santio
947 3821 1073 3898 vacent
1094 3857 1105 3884 ‚
1125 3806 1275 3884 solitarie
1293 3811 1357 3884 de.

310 3954 333 3998 ‚,
353 3922 440 4002 gant
457 3943 470 3985 i
490 3909 525 3980 ἃ
550 3910 587 3982 in
611 3907 837 3991 interioribus
860 3907 927 3984 sois
947 3926 1221 3986 commorentur
1245 3929 1257 3988 3
1281 3907 1367 3988 hoa.

310 4058 334 4097 „
349 4007 420 4089 est,
442 4004 625 4083 necessaria
643 4008 693 4082 est
720 4006 784 4082 iilis
806 4006 1017 4092 abstrattio,
1037 4010 1153 4082 otium
1175 4005 1356 4089 santium,

310 4155 333 4195 ,‚
354 4105 531 4193 solitudo,
546 4110 582 4184 &
601 4108 775 4184 interioris
790 4097 942 4182 hominia
962 4106 1076 4183 sedula
1100 4105 1309 4184 inhabitatio
1320 4153 1364 4200 „a-

311 4200 492 4281 Eximium
520 4224 639 4284 tamen
666 4205 752 4285 illud
779 4208 918 4283 bonum
942 4208 1105 4282 obtinere
1134 4204 1234 4302 posse
1262 4205 1367 4283 chain

311 4303 460 4380 stianum
490 4307 673 4384 hominem
702 4310 739 4383 in
757 4328 991 4404 quocumque
1010 4308 1106 4381 nita
1127 4328 1288 4401 genere,
1317 4307 1368 4381 &-

311 4403 499 4490 instituto‚
519 4410 590 4495 ait,
617 4407 731 4485 modo
760 4410 796 4485 in
820 4407 988 4502 operibus
1009 4405 1302 4505 quibuscunque,
1319 4405 1360 4481 st
1515 4454 1518 4461 ·

312 4507 487 4579 exercitiis
514 4510 668 4582 externis
688 4506 892 4604 prasonem
909 4503 1109 4583 Dominum
1122 4503 1369 4582 Utomsuunt:

311 4602 471 4699 aspiciam
495 4605 529 4679 st
555 4606 682 4684 oculos
699 4608 817 4684 cordia
836 4611 873 4682 in
894 4604 1008 4701 ipsum
1032 4603 1189 4700 defigat—2
1218 4656 1275 4697 ‚‚,‚
1304 4602 1366 4682 tto

313 4718 355 4778 ut
376 4705 490 4798 major
521 4704 611 4780 illius
633 4727 711 4802 pars
742 4704 934 4783 introversa
964 4704 1040 4788 fit,
1061 4720 1169 4801 atque
1188 4707 1283 4781 intro
1310 4702 1366 4785 ao

313 4801 438 4878 Deum
480 4801 623 4899 suspiret
659 4852 670 4891 ,
721 4805 860 4902 aspiciat
894 4860 905 4892 ,
944 4805 1079 4904 ipsique
1114 4806 1271 4903 magna¹
1312 4818 1357 4881 ac

307 4909 424 5003 magis
445 4906 687 5008 propinquata
708 4918 871 4991 conetur·
909 4901 986 4991 on
1019 4906 1173 4988 vtro-ab
1202 4904 1383 4982 antemio¹
1524 4998 1528 5005 ¹

1153 5024 1157 5035 '
1220 5023 1308 5084 exet
