3892 6434
425 867 427 871 Ι
479 929 548 1019 De
577 927 846 1017 sacramento
877 916 1155 1023 Eucharistiael
1265 956 1349 1040 479

300 1104 430 1200 aliique
451 1124 526 1176 non
552 1098 691 1177 obscuri
716 1102 870 1177 nominis
890 1100 1073 1195 auderem
1090 1102 1250 1199 quamuis
1267 1107 1350 1192 (in-

301 1197 466 1304 quiunt)
491 1200 692 1300 aliquorum
722 1198 946 1277 consuetudo
981 1223 1056 1276 non
1085 1204 1347 1295 improbanda,

304 1301 491 1383 Ecclesram
517 1304 552 1375 in
572 1299 646 1376 hoc
665 1299 770 1375 etiam
792 1298 870 1376 casu
893 1300 1100 1377 reconciliet
1120 1304 1169 1376 ob
1193 1300 1344 1383 aliorum

301 1419 485 1481 terrorem·
512 1400 547 1476 Si
570 1400 775 1475 sententiam
792 1422 924 1496 roger,
947 1398 1068 1476 violari
1085 1420 1161 1475 non
1180 1401 1347 1479 dubitan-

302 1520 355 1579 ter
377 1499 517 1579 alseram
533 1497 720 1577 ‚livulnus
739 1499 873 1575 illatum
891 1501 959 1583 est,
981 1502 1140 1598 quamvis
1160 1501 1252 1577 nulla
1270 1503 1344 1579 lan.

300 1606 418 1701 guinis
439 1598 563 1677 effufio
584 1600 785 1695 contigerit.
815 1597 925 1678 Nitor
946 1597 1253 1696 capl’roposuilli,
1266 1600 1340 1680 Ex·

302 1721 354 1780 tra
370 1700 683 1786 ,deConstcrarr'one
707 1694 862 1785 Eulefiae.

348 1801 535 1884 Secundo,
553 1798 703 1876 violatur
716 1795 864 1875 Ecclesia
879 1812 1027 1896 propter
1050 1796 1281 1873 Adulterium,
1305 1798 1346 1878 dt

302 1903 588 1999 qualemcunque
607 1897 743 1980 seminis
767 1896 985 1975 emissionem
1022 1897 1149 1998 sponte
1176 1921 1347 1996 procura.

302 2018 396 2084 tam,
414 2019 455 2080 ut
477 1998 667 2097 respondet
681 1997 841 2081 Alexand.
856 2003 1015 2096 Ill-cap.
1031 1994 1250 2093 significem,
1273 1996 1346 2098 Ex-

301 2116 375 2188 tra,
390 2103 429 2172 le
448 2102 659 2185 Adulteriis,
678 2096 844 2192 &stupro
858 2100 1046 2199 ‚idemque
1057 2099 1195 2175 conliat
1208 2122 1255 2174 ex
1265 2121 1345 2195 cap.

302 2198 455 2289 Ecclesia
471 2256 481 2285 ‚
499 2201 571 2277 dist.
593 2221 622 2271 r.
638 2196 871 2287 decollemur.
886 2197 1095 2293 Conjugalis
1109 2201 1214 2274 etiam
1232 2197 1349 2275 debiti

301 2302 537 2377 redditionem
565 2300 661 2376 casus
683 2300 744 2377 ille
764 2298 1033 2394 compleuitur3
1047 2323 1108 2394 per
1126 2299 1218 2374 hanc
1245 2300 1344 2375 enim

300 2400 362 2477 etsi
377 2402 474 2477 nulla
495 2402 815 2497 proximotgravis
842 2399 926 2474 loco
951 2399 1047 2475 sacro
1077 2397 1117 2476 iit
1144 2399 1280 2495 injuria·
1306 2398 1344 2474 Si

301 2515 420 2577 tamen
447 2501 523 2577 ltaec
544 2500 699 2576 facinora
734 2498 802 2575 fint
826 2498 997 2578 occulta,
1020 2498 1113 2576 nulla
1139 2498 1345 2575 reconcilia·

301 2604 503 2699 tioneopus
520 2600 684 2685 est,cum
706 2595 857 2676 Ecclesia
871 2578 1077 2675 deoccultis
1092 2621 1167 2674 non
1185 2598 1343 2692 judicet,
1370 2630 1380 2665 :.
1432 2606 1437 2617 '
1473 2629 1476 2637 ·
1518 2608 1527 2629 ⁵

302 2698 359 2776 sed
382 2702 496 2777 solum
510 2723 603 2776 cum
624 2723 687 2794 per
708 2696 742 2773 se
772 2696 843 2793 ipsa
876 2698 1051 2794 evidentia
1066 2699 1123 2781 ,dr
1139 2711 1224 2779 nota
1241 2697 1342 2784 lunt,
1402 2780 1406 2795 ¹

302 2800 358 2878 uel
381 2823 523 2876 reorum
545 2796 782 2882 consessione,
808 2810 870 2874 aut
894 2799 1109 2896 probatione
1128 2795 1291 2892 juridica.
1401 2802 1404 2811 '

351 2897 499 2976 Tertio,
522 2900 675 2974 violatur
696 2893 870 2980 Ecclefia,
886 2920 971 2974 cum
992 2901 1027 2972 in
1047 2921 1087 2974 ea
1108 2896 1269 2995 sepelitur
1287 2898 1346 2966 ln.

298 2992 428 3086 fidelis,
451 2998 505 3075 vel
525 3000 831 3069 Excommunltetur
842 3045 853 3079 ,
872 3014 913 3075 ut
931 2995 1081 3075 habetur
1099 3020 1128 3074 c,
1150 2992 1344 3084 Ecclefiem,

302 3117 363 3179 27·
389 3101 426 3175 ἃ
454 3111 514 3183 28.
545 3098 621 3175 dist·
640 3119 673 3170 ι.
700 3101 739 3166 le
763 3098 910 3179 Conlecr·
935 3120 1093 3195 quorum
1124 3099 1278 3196 primurn
1297 3116 1347 3173 erc
1372 3138 1393 3165 c

303 3199 421 3277 Cone.
440 3196 615 3275 Aurelian.
634 3214 667 3290 3.
698 3196 847 3274 alterum
881 3219 927 3271 ex
953 3195 1071 3278 Conc.
1098 3194 1349 3296 Agrippinensi¹

304 3298 483 3397 sumptum
506 3298 575 3376 eli,
599 3301 634 3373 ἃ
658 3320 691 3380 c.
710 3295 901 3383 Consularis?
914 3293 1044 3377 ‚Extra
1067 3299 1105 3367 de
1126 3298 1270 3381 consecr.
1284 3297 1349 3368 Ec.

303 3397 420 3485 elafio,
442 3401 541 3494 quod
561 3399 611 3473 elt
631 3388 820 3470 nurui.
840 3396 884 3472 ad
905 3395 1145 3477 Sunonensem
1156 3392 1270 3495 Episc.
1293 3420 1348 3473 re-

302 3499 494 3577 scribentis.
522 3496 721 3575 infidelium
749 3521 926 3584 numero,
946 3499 982 3571 dr
1010 3496 1097 3574 loc'o
1125 3497 1183 3573 hic
1205 3495 1349 3573 censen·

303 3613 363 3677 tur
384 3596 531 3673 inianter
551 3621 627 3671 non
650 3598 839 3692 baptizati3
858 3598 1092 3693 quamobrem
1112 3593 1251 3673 srextra
1275 3620 1349 3674 ma·

304 3703 366 3775 tris
391 3717 531 3773 uterum
548 3696 650 3789 politi
666 3697 757 3783 lint,
777 3699 813 3771 &
832 3693 971 3772 seorsim
992 3698 1036 3774 ab
1057 3721 1097 3773 ea
1118 3696 1347 3795 sepeliantur.

303 3794 476 3881 Ecclesia,
497 3794 550 3871 vel
568 3802 818 3872 coemetetium
838 3796 989 3871 violatur
1008 3817 1019 3879 r
1037 3795 1156 3882 secus,
1176 3795 1251 3871 iiio
1270 3812 1348 3872 ute-

303 3919 347 3972 ro
369 3899 486 3970 matris
504 3892 748 3970 mortuistmul
768 3918 853 3971 cum
871 3919 910 3969 ea
926 3894 1155 3992 sepeliantur,
1170 3900 1250 3991 quia
1270 3916 1348 3971 non

304 3994 541 4093 sepeliuntur,
558 4010 597 4070 ut
619 3991 774 4090 personae
792 3992 979 4078 distinete,
996 3992 1053 4070 sed
1073 4008 1113 4070 ut
1132 4010 1247 4093 parter
1272 4016 1347 4071 ma·

308 4112 415 4173 trum.
445 4091 807 4171 Excommunicatum
834 4091 1015 4189 intellige,
1041 4098 1103 4191 qui
1132 4093 1186 4169 vel
1212 4090 1255 4168 lit
1281 4117 1351 4168 no·
1380 4136 1405 4163 -.

305 4198 416 4270 torius
433 4190 612 4289 percussor
625 4189 752 4271 Clerici
768 4248 779 4280 ,
797 4190 853 4268 vel
867 4196 1079 4270 nominatim
1099 4192 1348 4285 denuntiatus3

303 4295 490 4370 illosenim
506 4294 680 4370 duntaxat
703 4291 868 4370 vitandos
880 4288 946 4370 else
956 4292 1066 4371 docet
1084 4294 1348 4390 Extraragant:
1385 4366 1403 4385 „
1430 4329 1432 4333 ·
1553 4272 1559 4297 ἱ

304 4398 361 4468 Ad
381 4392 529 4461 vr'tnnde.

358 4491 529 4584 Quarto,
548 4492 673 4569 violari
693 4488 880 4571 Ecclesiam
903 4489 1046 4570 censent
1073 4489 1235 4568 cononici
1256 4484 1351 4588 Juru

302 4589 538 4686 interpreter,
557 4592 593 4667 &
613 4589 795 4689 Theologi
811 4595 970 4691 plerique
987 4613 1134 4672 omnen,
1152 4586 1348 4678 (Sutrio.

302 4691 554 4787 nonnullisque
581 4691 654 4767 aliie
676 4688 867 4791 exceptis)
891 4714 976 4769 cum
1009 4692 1054 4767 ab
1079 4686 1257 4787 Episcopo
1284 4710 1352 4781 er·

302 4787 785 4877 communicatodediontur,
800 4791 1102 4871 autbenedicitur.
1131 4786 1167 4865 Si
1176 4790 1351 4885 enimhps

301 4896 407 4971 minu
423 4891 725 4977 excommunicari
734 4890 883 4975 cadaver
893 4886 1085 4973 uernum
1096 4886 1247 4989 polluit,
1258 4886 1352 4967 mus·
