3892 6434
533 938 604 1031 De
632 936 901 1058 sacramento
931 905 1214 1034 Eucharistiae
1331 940 1417 1058 '401

370 1132 497 1196 eorum
520 1072 653 1191 dnimas'
677 1113 794 1209 poenis
820 1109 1018 1226 Purgatorii
1038 1114 1118 1212 post
1151 1124 1305 1190 mortem
1330 1136 1415 1209 pur.

369 1220 467 1313 gari,
486 1212 521 1288 &
546 1228 586 1293 ut
607 1235 625 1287 a
648 1216 767 1310 poenie
787 1213 989 1308 hujusmodi
1007 1215 1225 1298 releventur,
1252 1210 1414 1308 prodesse

369 1318 417 1392 eis
437 1312 607 1391 Fideiium
625 1316 789 1392 virorum
816 1309 1000 1409 suffragini
1013 1312 1194 1393 Missurum
1209 1314 1336 1396 scilicet
1352 1314 1415 1393 Sar

369 1414 501 1495 crificia
517 1415 737 1497 ,orationem
760 1415 794 1487 dr
826 1413 1066 1512 eleemosynas
1097 1412 1248 1496 ‚dualia
1274 1414 1413 1506 pietate

348 1512 508 1598 sufficia,
524 1536 603 1612 quae
627 1537 646 1588 a
669 1512 829 1589 fidelibus
854 1513 1014 1605 proeliis
1040 1511 1200 1591 fidelibus
1224 1511 1299 1588 fieri
1324 1533 1417 1591 cona

370 1615 580 1699 sueverunt,
604 1612 797 1690 secundum
812 1607 970 1692 Ecesesrae
1000 1613 1155 1690 instituta
1179 1667 1245 1704 „„.

423 1715 602 1808 Objicitur
632 1737 640 1790 :
675 1713 709 1790 Si
732 1711 950 1797 Eucharistiae
983 1711 1201 1805 Sacrificium
1241 1710 1414 1790 desunsiie

371 1814 517 1913 prodest
529 1864 538 1890 2
550 1813 665 1910 potest
683 1815 787 1889 etiam
805 1812 922 1890 offerri
945 1836 1013 1910 pro
1034 1812 1218 1891 damnatis.
1243 1811 1339 1895 Nam
1354 1814 1414 1890 8η

340 2008 342 2012 .
369 1914 497 1991 cerdos
515 1917 548 1987 in
564 1911 766 1991 Offertorio
781 1908 890 1992 Missae
903 1936 969 2008 pro
985 1911 1155 1988 defundit
1173 1913 1219 1988 ita
1233 1930 1312 1989 orat
1324 1911 1386 1990 suo
1403 1962 1417 1996 .

369 2019 407 2085 dt
426 2011 583 2096 Ecclesiae
606 2018 716 2089 totius
734 2017 881 2093 nomine
901 2032 912 2096 t
936 2068 991 2103 ω,
1022 2010 1182 2089 Domine
1208 2010 1288 2108 Jes'u
1313 2010 1417 2094 Chri·

370 2111 534 2199 ste,Rex
550 2114 675 2208 gioriae
688 2167 698 2198 ‚
711 2112 815 2189 libera
839 2115 972 2188 animas
987 2114 1152 2189 omnium
1171 2110 1326 2191 bdelium
1353 2112 1418 2190 de«
1452 2119 1454 2121 ’

370 2213 576 2294 fundorum
602 2212 781 2309 depoenie
809 2211 959 2290 inferni,
982 2213 1019 2289 &
1044 2214 1089 2287 de
1112 2211 1413 2308 profundusacui
1490 2297 1494 2307 .
1548 2207 1554 2220 ⁸
1619 2209 1623 2220 ⁸

371 2336 422 2391 ne
442 2311 623 2391 absorbeat
640 2336 696 2390 eas
709 2327 877 2396 tartarus,
892 2336 936 2387 ne
954 2313 1081 2390 cadant
1094 2311 1361 2402 inobscurunrv„
1375 2362 1412 2401 ,,.

369 2417 455 2485 orae
470 2420 570 2481 etiam
584 2408 797 2500 Eccsefta,ut
818 2469 840 2505 „
864 2412 1053 2488 liberentur
1082 2411 1127 2487 de
1147 2429 1264 2492 rnorte
1286 2429 1416 2492 aetetna

369 2511 517 2608 „indie
541 2511 597 2593 isia
619 2511 820 2600 tremenda,
847 2512 993 2606 quando
1013 2511 1096 2586 cneii
1124 2512 1296 2593 movendi
1312 2511 1415 2595 sunt,

319 2663 322 2669 -
369 2615 564 2709 ,‚&terra‚
585 2613 671 2690 dum
692 2616 827 2693 venerit
858 2608 1103 2694 CHRISTUS
1126 2610 1282 2704 judicare
1312 2611 1418 2696 saacua

373 2714 563 2808 „lumper
588 2714 707 2809 ignem
732 2760 766 2802 „·
1409 2780 1411 2786 .

425 2810 669 2903 Respondetur
684 2836 692 2889 ε
708 2811 840 2891 Falsum
852 2808 919 2885 esse
936 2808 1167 2909 consequens.
1193 2806 1318 2887 Preces
1343 2807 1418 2889 ittae

372 2911 634 3009 predamnatis
659 2936 733 2987 non
747 2911 862 2987 fundit
876 2909 1025 2994 Ecclesia
1060 2923 1266 3010 quosextra
1287 2909 1416 2994 statum

371 3010 631 3111 consequenda
652 3005 896 3099 misericordiae
909 2966 1145 3096 consiidbtos,
1160 3032 1226 3084 nec
1249 3007 1326 3090 ullis
1348 3005 1415 3084 susa
1440 3102 1443 3110 Ι

373 3112 492 3208 fragiis
518 3112 629 3206 juvari
654 3108 778 3208 posse,
805 3126 933 3207 utpote
954 3126 1054 3190 extra
1079 3108 1278 3186 sannorum
1303 3106 1419 3187 Com.
1447 3150 1450 3158 ·

372 3215 584 3289 munionem
606 3210 763 3309 positos,
788 3211 825 3286 &
858 3234 876 3285 a
902 3209 1030 3295 Christi
1060 3231 1215 3305 corpore
1253 3212 1290 3283 in
1317 3224 1418 3284 aeter,

373 3336 461 3388 num
483 3311 667 3408 praecisos,
689 3309 823 3397 credit,
841 3311 877 3389 dr
896 3308 1027 3403 docet;
1049 3309 1104 3386 sed
1128 3331 1194 3405 pro
1216 3296 1422 3395 Fidenam,

374 3417 436 3509 qui
452 3414 485 3492 in
509 3414 616 3506 gratia
632 3414 688 3496 ,ἃ
710 3412 877 3486 charitate
890 3411 1129 3506 objerunt,&
1147 3409 1276 3504 quibus
1299 3426 1420 3488 tamen

373 3510 506 3609 aliquid
528 3511 744 3604 expiandum
769 3565 780 3596 ‚
806 3534 848 3587 ac
870 3511 1040 3587 suendum
1064 3508 1236 3604 superest,
1265 3531 1341 3604 quo
1361 3508 1420 3601 juv

374 3611 474 3689 stiriae
501 3611 628 3694 divinae
649 3609 784 3699 satissirt
823 3608 916 3700 Cum
935 3626 1056 3685 autem
1078 3625 1155 3684 orat
1181 3605 1356 3692 Ecclesra,
1379 3619 1423 3689 tri

374 3712 532 3806 ipsorum
558 3714 682 3785 animae
707 3708 751 3784 de
775 3715 894 3804 poenis
915 3709 1041 3792 inferni
1062 3707 1264 3798 solvantur,
1292 3732 1339 3782 ne
1361 3709 1422 3787 ab„-

374 3809 512 3889 sorbeat
546 3832 601 3883 eas
628 3824 802 3896 tartarus,
833 3811 933 3884 &ut
955 3808 999 3892 de
1026 3824 1143 3885 morte
1173 3824 1301 3885 aeterna
1335 3806 1422 3881 libe·

375 3923 498 3985 rentur
514 3963 524 3992 ,
543 3907 597 3982 his
626 3909 831 3993 nominibus
855 3923 1001 4004 poenas,
1019 3909 1159 4004 quasin
1192 3905 1421 3995 subterraneis

375 4008 464 4089 loeis
482 4007 590 4100 justus
615 4009 725 4104 judex
748 4005 847 4083 Deus
869 4009 1051 4094 animabus
1079 4004 1231 4102 infligit,
1260 4007 1422 4099 quamrir

376 4112 608 4205 temporarias
630 4162 640 4192 ‚
664 4105 858 4204 significan
878 4106 933 4187 res
947 4107 1353 4200 liberationenrapoenis
1369 4108 1423 4188 itu

375 4206 464 4284 serni
484 4231 550 4303 pro
572 4205 651 4302 ipsis
680 4207 854 4302 postulat,
875 4228 951 4282 non
980 4203 1126 4302 quidem
1150 4205 1306 4279 absolute
1330 4251 1337 4272 ‚
1362 4199 1424 4288 sed

376 4323 552 4405 quantum
573 4307 618 4382 ad
639 4306 873 4405 appendices,
898 4304 1048 4382 &bona
1067 4327 1111 4379 ex
1128 4303 1195 4393 hac
1215 4303 1423 4407 siberptionp

375 4407 639 4503 consequentia.
666 4403 834 4499 Renaissio
862 4407 982 4489 enim,
1006 4404 1061 4477 res
1094 4407 1271 4498 mitigatio
1298 4423 1423 4497 poenae
1563 4490 1570 4498 ,
1611 4392 1613 4402 ’

378 4529 458 4583 runa
475 4554 484 4583 ‚
500 4530 586 4603 quar
609 4510 646 4582 in
672 4508 881 4603 purgatorio
908 4508 1117 4602 patiuntur,
1138 4501 1349 4581 beneficium
1374 4499 1425 4585 est

377 4609 474 4702 prius
498 4607 581 4684 iilud
608 4607 853 4704 consequens,
877 4627 952 4702 quo
972 4604 1056 4699 ipsas
1083 4602 1198 4678 divina
1223 4601 1427 4685 miseratio,

378 4704 599 4781 conserendo
621 4709 668 4779 eis
690 4704 951 4801 perseverantia
974 4701 1292 4786 donum‚servevit
1306 4757 1315 4785 ,
1330 4725 1372 4774 ue
1387 4701 1424 4774 in

376 4804 645 4899 damnationem
669 4824 831 4880 aeternam
854 4807 1086 4882 incurrerent.
1118 4802 1324 4877 Porrocuur
1346 4821 1424 4893 pen-

377 4903 485 4994 sem,
501 4904 546 4979 ,δι
574 4901 816 4994 consummata
831 4904 990 5081 lignatio
1010 4904 1055 4980 de
1077 4919 1193 4989 morte
1212 4919 1363 5076 eternad,
1386 4900 1424 4980 dr

600 5020 603 5026 '
908 5023 988 5099 c4¹
1362 5021 1382 5082 r
1510 5049 1516 5056 ·
