3892 6434
471 932 542 1026 De
570 926 839 1025 Sacramenta
867 875 1150 1043 liutharistiu,
1189 914 1191 918 ’
1272 899 1361 1046 aii!
1455 972 1459 991 ·

300 1088 457 1207 ‘denique
480 1129 544 1206 per
578 1103 674 1192 hoc,
693 1121 734 1185 ut
761 1109 891 1184 vacetis
915 1102 1174 1202 spiritualibus,
1202 1128 1269 1184 nec
1293 1107 1356 1208 ds·

301 1213 379 1287 lano
402 1209 662 1286 convertamini
683 1211 777 1282 canis
801 1211 837 1283 in
858 1231 997 1285 morem
1018 1210 1061 1283 ad
1077 1203 1265 1381 proquum
1286 1230 1357 1282 so·

303 1314 445 1389 mitum.
474 1311 529 1385 llo
552 1331 627 1382 non
649 1310 745 1382 enim
758 1306 970 1395 absurdum,
990 1323 1125 1384 tantam
1170 1304 1272 1383 abere
1289 1308 1359 1384 cu·¹

303 1413 379 1485 'ram
411 1424 531 1483 rerum
553 1407 820 1505 corporalium,
838 1422 878 1485 ut
899 1406 1089 1506 appetente
1100 1402 1202 1488 Festo
1228 1404 1354 1483 ‘multis

304 1526 388 1587 ante
410 1509 533 1584 diebos
553 1507 684 1583 vestem
706 1530 726 1582 e
746 1509 861 1585 crioiis
887 1504 1141 1611 depromptam
1163 1502 1355 1602 diligenter

303 1632 469 1705 appares,
488 1606 604 1683 mensa
615 1607 757 1705 largior,
773 1604 1060 1713 splendidiorque
1070 1602 1221 1703 paretur,
1235 1607 1353 1680 omni-

305 1708 439 1808 busque
457 1710 573 1783 modis
584 1707 807 1803 temetipsum
823 1730 927 1782 ornes
942 1703 1188 1819 ,nitidumque
1203 1701 1351 1790 'reddant
1403 1754 1407 1763 -

304 1812 431 1884 animae
455 1830 539 1883 vero
566 1806 755 1905 negucia,
774 1805 967 1892 sordentis,
987 1805 1171 1907 lqualidas,
1195 1802 1286 1879 lime
1301 1824 1354 1879 ta·
1420 1843 1475 1913 3.
1533 1870 1536 1877 .

304 1906 476 1984 belcentis
508 1906 644 1984 nullum
672 1908 799 1983 habere
824 1905 1047 2001 resperlum‚
1070 1903 1153 2005 curn
1179 1902 1251 1979 sola
1279 1925 1357 2005 ma·

305 2026 388 2085 neat
403 2007 566 2105 impura?
587 2010 703 2105 Atque
722 2025 855 2104 corpus
867 2007 1011 2106 quidem
1031 2005 1126 2081 sidet
1139 1999 1355 2080 conservus»

306 2111 425 2207 ineque
459 2108 654 2206 quidquam
681 2108 730 2184 est
755 2105 987 2192 detrimenti,
1015 2105 1353 2205 quomodocunque

305 2204 601 2295 luerithabitum;
621 2207 715 2282 illam
731 2216 850 2284 autern
870 2205 966 2283 videt
983 2202 1184 2282 Dominus,
1199 2201 1260 2298 qui
1274 2217 1355 2299 grta

306 2303 441 2383 tillrme
463 2309 565 2400 punit
586 2305 850 2404 negligentum·
878 2301 921 2382 Et
942 2304 1249 2403 quemadmodum
1272 2304 1356 2376 t'on·

306 2402 359 2483 les
380 2422 481 2504 aqoae
501 2408 572 2480 vim
590 2408 794 2492 exundant,
815 2411 861 2482 ita
880 2402 1147 2481 haecflammam
1160 2400 1379 2504 quamdam·

306 2504 412 2582 habet
423 2527 597 2580 arcanam.
623 2504 681 2581 Ne
693 2509 800 2604 igitur
812 2503 989 2583 accelleris
1006 2503 1167 2600 stipulam
1184 2491 1355 2587 afferens,

307 2610 384 2682 non
403 2604 519 2699 ligna,
540 2629 614 2680 non
630 2603 793 2692 foenum,
810 2630 855 2682 ne
872 2628 999 2702 augeas
1018 2603 1244 2686 incendium,
1266 2623 1356 2701 exus

307 2703 429 2801 sasque
451 2708 603 2779 animam
629 2707 672 2780 ad
692 2704 1000 2782 communionem
1025 2703 1277 2781 accedentems
1295 2700 1355 2774 i'ed
1433 2778 1436 2785 ,

308 2804 438 2880 accede
458 2804 570 2878 ferens
594 2805 724 2901 lapides
754 2805 941 2903 pretiosas,
961 2819 1087 2878 aurunt
1109 2858 1120 2888 ,
1144 2821 1356 2896 argentum,

309 2926 385 3001 quo
405 2906 586 3001 puriorem
609 2904 730 2980 reddas
755 2909 963 2981 materiam,
986 2903 1174 3001 multoque
1195 2923 1278 2976 cunr
1303 2899 1358 2972 lu·

308 2996 380 3081 cro‘
391 3003 553 3078 discedas
579 3002 615 3078 Si
641 3005 726 3099 quid
744 3003 824 3080 mali
848 3006 896 3080 est
915 2999 1057 3098 ,abigas
1080 3007 1213 3076 animo.
1238 2984 1358 3078 Habet

310 3106 389 3200 quis
408 3105 590 3179 inimicum
604 3152 614 3180 ,
629 3108 780 3201 graviter
794 3104 887 3180 lalus
901 3104 973 3180 estt
990 3100 1111 3178 Solvas
1125 3098 1358 3205 srtnultarani,
1397 3119 1400 3126 ·

309 3198 1354 3301 coerceatanimumexardescentem,intumelcent'eorqum

309 3312 356 3380 ne
375 3307 454 3401 quis
477 3299 518 3377 llt
547 3306 748 3391 tumuitus,
767 3307 1081 3406 autperturbario.¹
1103 3298 1243 3407 Regem
1262 3292 1357 3411 ciria}

309 3417 523 3500 excepturus
546 3428 581 3476 es
604 3428 665 3498 per
685 3404 1011 3482 Communionemt
1039 3400 1129 3485 curn¹
1142 3402 1260 3478 autem
1277 3395 1357 3476 tter

311 3505 506 3598 ingreditur
528 3507 680 3577 animam
697 3556 708 3588 ,
728 3525 875 3600 oportet
900 3527 1066 3600 magnam
1087 3496 1153 3578 ¹elle
1175 3494 1355 3598 tranquill·

311 3607 448 3686 t'atem,
470 3604 694 3702 multumque
714 3605 908 3689 salentium,
932 3603 1145 3698 profundam
1166 3599 1358 3700 cogitatid·

311 3724 401 3777 num
413 3705 578 3796 quietem·
605 3706 673 3778 Sed
688 3709 854 3780 atrociter
875 3704 970 3781 lalus
985 3729 1021 3778 es
1037 3759 1047 3787 ,
1064 3706 1131 3779 nec
1153 3720 1254 3797 potes
1269 3692 1357 3804 iranl

313 3805 502 3881 remittere.
537 3807 588 3878 ilo
616 3808 721 3900 igitur
749 3821 783 3881 te
805 3803 916 3901 ipsum
940 3804 1050 3897 iringis
1076 3802 1179 3879 etiam
1194 3850 1205 3884 ,
1221 3804 1255 3873 dr
1277 3823 1356 3896 gra·

312 3902 391 3975 vius
416 3900 549 3981 laedes?
572 3900 633 3978 llle
651 3918 686 3979 te
711 3909 926 3983 contumelia
956 3894 1094 3979 affecit,
1116 3927 1200 3978 nunt
1220 3902 1258 3976 tls
1274 3903 1356 3975 idad

313 3996 586 4104 Deuuqafficie's
608 4002 854 4080 contumelia?
876 4001 1014 4079 Etenim
1042 4028 1116 4078 non
1139 3999 1290 4097 recipere
1319 4004 1359 4073 in

313 4104 461 4196 gratiam
483 4125 588 4184 eum,
608 4111 669 4202 qui
689 4103 882 4178 molestiam
904 4102 1041 4188 attulit,
1060 4124 1135 4176 non
1158 4118 1229 4178 tam
1252 4095 1300 4173 etl
1315 4099 1356 4170 ii·

313 4203 390 4278 l'um
413 4199 556 4286 ulcilcl,
580 4226 686 4299 quam
710 4202 827 4280 Deum
846 4200 983 4278 allicere
1006 4198 1243 4279 contumelia,
1267 4201 1354 4301 legis

311 4301 418 4396 liujus
436 4303 648 4389 Auctorem,
666 4306 914 4401 praecipientis,
929 4322 967 4378 nt
984 4305 1136 4379 inimicis
1148 4297 1354 4377 reconcilies

313 4424 418 4485 mur,
440 4399 638 4498 priusquam
663 4407 871 4489 accedamus
898 4403 941 4477 ad
965 4400 1081 4479 Altare
1099 4449 1174 4485 „m

365 4508 398 4571 s
417 4498 578 4588 Arsin-ru
598 4496 658 4580 nu.
672 4500 709 4584 6.
730 4508 765 4578 tn
788 4500 943 4578 lucam:
968 4548 1024 4587 ‚„,
1053 4492 1173 4576 Nemo
1194 4470 1575 4585 (constellationi

314 4603 436 4679 cibum
457 4605 585 4698 accipit
615 4601 1070 4688 Clariili,nis1fueritante
1092 4598 1237 4676 lanatus.
1265 4563 1559 4716 Ubi-{Ss‘fcss'fssf

315 4718 386 4800 q'ue
404 4703 510 4797 igitur
533 4702 692 4799 Myllerii
716 4700 809 4777 o'r'do
828 4701 1011 4794 serratur3
1036 4716 1076 4776 ut
1098 4702 1194 4799 prius
1216 4723 1277 4801 per
1301 4724 1352 4777 re·
1371 4717 1556 4780 ciuumaed·

313 4798 511 4877 milli'onem
523 4802 751 4895 peccatorum
765 4798 965 4879 vulneribus
978 4791 1150 4876 medicina
1163 4802 1354 4896 tribuatur,
1371 4796 1425 4874 pis

316 4904 438 4998 postea
462 4903 626 4978 alimonia
645 4897 760 4978 diensi
780 4890 929 4978 coelestis
952 4896 1121 4978 exuberet
1147 4948 1223 4988 ‚„,.
1366 4898 1369 4909 '

368 4979 462 5074 len.
487 4999 559 5080 rrr.
832 4997 867 5078 R
1275 5003 1311 5084 s,
1388 5068 1392 5087 ,
