3892 6434
457 940 545 1045 -Dp
571 936 841 1042 §aeramento
867 926 1144 1047 Ericharistiae·
1265 961 1363 1049 281.

300 1141 339 1216 4.
351 1119 390 1190 dr
408 1108 575 1207 anteitis
589 1106 694 1200 Miffae
705 1166 716 1198 ,
729 1134 807 1211 cap·
825 1106 907 1203 13·)
924 1171 945 1207 „
962 1112 1132 1197 Peccator
1149 1112 1256 1195 debet
1279 1141 1351 1219 po·

300 1277 326 1317 „
339 1223 407 1296 tius
420 1216 548 1313 eligere
559 1227 620 1301 ‚ut
636 1211 843 1291 abstinendo
857 1214 1023 1300 reddatur
1034 1215 1205 1314 suspeilus
1216 1267 1228 1299 ,
1240 1238 1350 1318 quam

305 1375 330 1423 υ
347 1335 389 1402 ut
405 1312 710 1407 communicando
731 1311 923 1389 manducet
938 1313 1106 1415 indignus
1119 1373 1152 1408 ‚,.
1176 1315 1242 1395 Et,
1266 1321 1284 1414 (
1308 1330 1350 1395 ut

301 1421 353 1508 pit
367 1422 399 1494 S.
415 1417 529 1491 Thon.
548 1434 627 1512 3.p.
643 1435 679 1525 q·
692 1402 823 1521 limam
839 1412 907 1501 6.)
930 1469 952 1506 „
976 1412 1077 1509 Peius
1099 1417 1148 1491 ell
1170 1418 1350 1513 peccatori
1471 1498 1473 1505 ,

302 1515 489 1614 „occulto
502 1537 648 1616 peccare
660 1495 854 1589 mortaster
865 1511 1037 1590 sumendo
1046 1514 1188 1612 Corpus
1199 1514 1349 1605 Christi,

304 1672 329 1715 ,‚
346 1640 455 1716 quam
475 1615 648 1697 infamari.
677 1612 771 1687 Unde
790 1609 960 1694 Peccator
975 1614 1137 1691 occultus
1157 1617 1352 1714 potiusde·

303 1720 439 1813 „beret
465 1717 592 1813 eligere
620 1711 804 1796 infamati,
832 1735 939 1822 quam
961 1713 1108 1810 indigne
1131 1717 1176 1791 ad
1190 1716 1353 1799 Mensam

303 1814 493 1913 „Domini
510 1814 677 1921 accedere
695 1862 734 1906 „·
757 1810 837 1901 Nec
860 1813 937 1889 satis
956 1814 1006 1899 est
1026 1867 1037 1899 ,
1062 1830 1102 1892 ut
1122 1816 1239 1893 atium
1263 1839 1354 1894 con,

304 1916 464 1997 'tritionis
492 1915 616 2003 elicere
640 1927 792 1997 conetur
814 1932 827 2003 ;
849 1916 1050 2001 cumcuim
1085 1917 1122 1990 in
1141 1913 1355 2003 Eucharistia

306 2020 535 2095 contineatur
557 2013 701 2102 Saralius
714 2012 942 2099 Sannorum,
954 2017 1018 2113 qui
1029 2015 1073 2095 ad
1092 2038 1171 2095 earn
1189 2016 1353 2103 accedit,

305 2138 431 2205 curare
452 2115 559 2194 debet
589 2163 600 2196 ,
626 2129 667 2191 ut
692 2110 1016 2202 narentanorum
1040 2114 1135 2193 uude
1167 2112 1355 2196 Diaconut

305 2216 394 2305 olim
418 2231 500 2293 ante
522 2212 832 2297 Communionem
851 2215 1023 2294 clamabat
1049 2213 1190 2304 astantia
1211 2215 1354 2298 Sandis,

307 2321 355 2406 At
378 2317 542 2417 quamvis
573 2336 635 2408 per
663 2315 916 2403 contritionem
946 2313 1138 2412 aliquando
1166 2317 1357 2411 contingat

305 2415 497 2509 hominem
520 2410 605 2495 Deo
625 2412 913 2493 reconciliato&
929 2432 1163 2513 peccatorum
1184 2415 1358 2493 remissio·

306 2539 395 2593 nem
418 2516 581 2592 obtinere
603 2529 685 2589 ante
698 2511 992 2601 sacramentalem
1006 2512 1273 2605 Absolutionem
1290 2562 1300 2594 2
1317 2511 1357 2593 id
1489 2604 1492 2609 ¹

306 2631 430 2705 tanam
447 2616 582 2713 semper
602 2636 678 2694 uon
699 2613 849 2701 accidit,
880 2636 963 2690 cum
992 2637 1066 2689 non
1084 2618 1200 2690 omnic
1223 2615 1358 2694 contri
1484 2622 1486 2627 '

307 2719 365 2793 tio
385 2713 427 2792 fit
441 2707 781 2804 charirareperfeeta,
807 2713 902 2807 Qua
919 2727 1038 2789 autem
1052 2714 1220 2796 charitate
1243 2715 1358 2811 perse.-

310 2815 364 2905 (la
377 2837 452 2892 non
468 2814 544 2905 est3
571 2814 646 2882 Sine
660 2817 866 2891 decremento
882 2821 1078 2906 penitentie
1087 2831 1148 2907 per
1153 2812 1239 2901 seed
1258 2810 1359 2904 julii.

307 2910 498 3007 ficationem
528 2914 702 3005 perducere
733 2928 934 3008 peccatorem
964 2916 1079 3009 nequit
1101 2907 1157 3009 ς(
1188 2929 1229 2991 ut
1248 2912 1358 2993 docet

312 3014 430 3105 Cone.
449 3012 549 3103 Trid.
564 3009 645 3091 Sess.
662 3029 720 3103 14.
735 3035 812 3109 cap,
823 3033 858 3104 4.
887 3006 906 3105 )

362 3114 520 3212 Rogabis
536 3118 672 3212 primoz'
690 3110 783 3210 Quae
802 3111 858 3195 dis
879 3107 1359 3193 olitionecessariafitSacer·
1417 3116 1532 3210 solutio

312 3214 391 3306 doti
409 3214 538 3313 absque
557 3216 686 3309 pratia
711 3137 939 3303 Confessione
958 3208 1148 3321 celebranti
1169 3267 1180 3298 ,
1201 3235 1285 3289 cum
1299 3235 1356 3289 ur·
1386 3193 1544 3332 ffibioran
1573 3214 1577 3232 '

311 3329 376 3427 get
394 3312 572 3393 necessitas
586 3359 596 3392 2
611 3314 647 3388 de
676 3313 779 3409 copia
799 3308 1007 3402 confessarii
1022 3310 1118 3393 deest
1138 3368 1151 3401 ,
1176 3309 1358 3413 sipeccati
1386 3285 1564 3409 oeqg‘ffi

312 3416 471 3503 mortalis
493 3411 743 3495 conscientiam
765 3409 902 3495 habeat·
1230 3419 1232 3424 ’
1385 3347 1574 3507 saonemliaep

363 3513 467 3612 Resp.
490 3509 722 3594 Necessariam
749 3508 817 3588 else
836 3535 919 3593 vere
934 3512 1189 3599 contritionem
1212 3567 1223 3598 ,
1246 3508 1358 3590 lince-
1388 3500 1528 3591 connu-

313 3637 395 3702 rum
409 3613 537 3689 scilicet
554 3612 598 3688 de
613 3615 765 3710 peccatis
778 3610 1010 3699 dolotemob
1025 3610 1146 3689 Deum
1157 3609 1356 3698 offensum,
1378 3595 1484 3717 Q,
1512 3593 1564 3727 ’,ᾗ

315 3716 417 3788 &ex
438 3711 506 3796 Dei
526 3708 766 3808 superomnia
787 3711 973 3799 diletlione
996 3728 1228 3808 conceptum.
1270 3709 1361 3788 Non
1548 3721 1551 3727 ’

315 3814 436 3893 minor
452 3815 548 3887 enim
575 3815 782 3910 praeparatio
804 3808 987 3889 necessaria
1011 3812 1059 3895 eli
1085 3810 1129 3886 ad
1155 3809 1361 3895 sumendam

316 3908 567 4003 Eucharistiam
585 3912 638 3997 ei,
654 3915 715 4009 qui
738 3907 993 3994 confasionem
1021 3912 1233 4004 praemittere
1247 3908 1363 3986 Com-

315 4013 480 4095 munioni
510 4033 586 4087 non
606 4009 744 4106 potest,
761 4028 912 4107 urgente
928 4008 1144 4096 necessitate,
1158 4011 1280 4085 &non
1300 4010 1363 4087 ha·.

316 4114 388 4188 bita
406 4114 509 4208 copia
541 4106 768 4196 confessarii,
791 4128 898 4206 qoam
926 4109 1051 4197 adulto
1075 4110 1119 4192 ad
1145 4107 1362 4206 Baptismum

314 4213 508 4301 accedenti.
528 4207 684 4291 Necesse
712 4234 822 4306 porro
848 4210 921 4294 est,
942 4224 984 4287 ut
999 4210 1138 4286 adultus
1163 4212 1207 4283 ad
1231 4205 1364 4304 Baptis-

316 4328 417 4393 mun'a
440 4312 610 4389 accedeus
632 4367 654 4402 „
678 4308 798 4386 Deum
817 4324 986 4407 tanquam
1006 4306 1357 4404 omnisjustitiaefon.
1430 4344 1439 4363 ·

316 4466 339 4505 „
353 4427 426 4486 tem
451 4411 596 4507 diligere
622 4411 767 4507 incipiat
790 4465 801 4496 ,
822 4433 862 4485 ac
885 4427 1072 4506 propterea
1095 4422 1282 4487 amoveatur
1301 4404 1363 4482 ad-

315 4567 340 4605 „
359 4511 471 4593 versus
490 4522 634 4610 peccata
661 4533 722 4606 per
741 4510 866 4596 odium
894 4508 1040 4607 aliquod
1064 4556 1075 4587 ‚
1099 4510 1135 4583 de
1160 4505 1363 4588 detestatio-

322 4610 340 4700 ',
358 4635 440 4685 neor
463 4666 485 4701 „
511 4636 521 4705 ;
549 4613 627 4704 lut
645 4611 753 4700 docet
772 4607 886 4687 Cone.
907 4606 1007 4685 Trid.
1034 4607 1116 4689 Seis.
1141 4604 1177 4678 6.
1198 4629 1275 4703 cap.
1297 4606 1374 4695 al·

316 4667 448 4784 hadent
463 4713 580 4811 itaque
594 4712 801 4807 preparatio
822 4704 1005 4787 necessaria
1029 4709 1078 4785 eli
1090 4709 1216 4808 ei,qui
1234 4730 1361 4807 pecca·

293 4822 358 4911 ..t0
381 4810 518 4886 mortali
540 4812 801 4887 contaminatur
825 4806 896 4896 est,
912 4808 1012 4908 quod
1029 4807 1191 4885 confiteri
1204 4830 1278 4885 non
1292 4830 1361 4903 po·
1406 4858 1411 4867 -

313 4906 381 5005 tell
409 4924 559 5016 urgente
580 4907 778 4999 celebrandi
806 4959 817 4993 ι
840 4908 1186 5003 &conmudandi
1217 4906 1360 4999 necesi-
1459 4986 1462 4993 .

765 5007 838 5111 it
956 5090 963 5099 .
1161 5020 1372 5131 ¹tow.¹
1487 5092 1626 5154 m
